4196 5352
1104 487 1151 562 1
1185 487 1250 599 7
1269 446 1335 563 8
1514 439 2110 565 Sebi‘ionum
2170 442 2803 561 Conicarum
2859 441 3114 561 Lib.
3171 444 3290 559 V
3303 533 3329 558 .

1085 624 1845 740 vicemcontingentes
1898 667 2020 740 per
2080 643 2180 732 N,
2234 642 2310 715 T
2364 643 2595 715 ductae
2648 643 2719 714 in
2767 641 2848 732 B,
2898 644 3030 715 erit
3080 659 3432 738 punctum
3488 637 3546 712 B
3598 642 3690 715 ad

1086 775 1347 828 rectam
1390 756 1553 841 OP;
1608 780 1773 828 nam
1822 780 1944 852 per
1995 758 2051 829 Β
2106 757 2402 831 ducatur
2446 756 2784 829 diameter
2821 754 2962 829 CD
3002 761 3074 829 ὅτ
3126 756 3209 828 fit
3252 774 3499 829 vertex
3546 752 3696 850 ejus

1084 870 1181 959 D,
1234 873 1305 941 ὅτ
1337 886 1653 940 occurrat
1685 865 1807 964 ipsi
1856 865 2002 938 ΝΤ
2042 867 2111 938 in
2163 868 2255 956 A,
2306 886 2512 939 erunt
2564 868 2706 956 CB,
2748 867 2910 954 CD,
2950 865 3086 938 CA
3118 868 3691 962 proportionaleS,

1088 986 1164 1056 ὅτ
1194 982 1323 1052 erit
1361 979 1506 1054 AT
1556 978 1936 1051 ordinatim
1986 979 2331 1075 applicata
2371 980 2727 1051 diametro
2756 979 2919 1067 CD,
2969 1001 3140 1075 ergo
3169 1000 3434 1075 puncta
3480 981 3565 1073 B,
3594 980 3688 1074 D,

1086 1094 1158 1165 A
1207 1096 1279 1166 ὅτ
1351 1109 1537 1164 recta
1588 1091 1810 1164 NAT
1875 1111 2233 1189 ponuntur
2291 1109 2368 1163 ut
2436 1093 2504 1163 in
2577 1092 2712 1164 hac
2784 1091 3297 1193 propofitione3
3369 1092 3420 1167 fi
3480 1099 3691 1194 igitur

1085 1225 1433 1302 punctum
1483 1205 1541 1275 B
1581 1227 1721 1276 non
1770 1201 1850 1275 fit
1882 1204 1953 1275 in
1986 1223 2174 1276 recta
2211 1205 2358 1294 ΟΡ,
2409 1205 2571 1278 duci
2626 1205 2848 1300 potest
2898 1229 3021 1301 per
3071 1203 3127 1276 B
3176 1226 3363 1279 recta
3400 1209 3520 1304 ipfi
3556 1210 3690 1283 CY

1084 1320 1435 1416 parallela,
1484 1343 1638 1413 quae
1694 1338 2012 1389 occurret
2066 1318 2494 1412 Hyperbolae
2550 1317 2622 1388 in
2674 1338 2936 1412 puncto
2999 1320 3088 1389 ab
3150 1321 3219 1390 Ο
3270 1320 3565 1413 diverse,
3616 1323 3692 1397 &

1086 1436 1500 1529 contingens
1528 1455 1651 1527 per
1700 1432 1877 1504 istud
1910 1451 2256 1527 punctum
2286 1431 2499 1503 ducta
2532 1449 2848 1503 occurret
2879 1430 3000 1526 ipsr
3037 1431 3256 1516 NAT
3299 1434 3389 1506 ad
3419 1435 3692 1532 asymp-

1086 1567 1281 1621 toton
1346 1545 1503 1635 CY,
1551 1567 1675 1639 per
1735 1540 2300 1638 propositionem,
2360 1565 2528 1638 ergo
2597 1544 2661 1615 ei
2722 1564 3040 1617 occurret
3093 1545 3163 1616 in
3216 1545 3276 1615 F
3340 1544 3416 1620 &
3481 1549 3693 1645 igitur

1082 1668 1240 1739 duae
1286 1665 1771 1757 contingentes
1830 1662 1918 1732 ad
1985 1661 2424 1757 asymptoton
2483 1679 2875 1750 occurrent,
2925 1662 3114 1756 quod
3179 1661 3330 1735 fieri
3392 1668 3692 1759 nequit;

1086 1781 1183 1856 est
1224 1781 1442 1876 igitur
1475 1775 1533 1847 B
1574 1773 1893 1847 occursus
1914 1797 1925 1826 ¹-
1944 1774 2511 1869 contingentium
2542 1797 2666 1869 per
2697 1774 2794 1866 N,
2823 1774 2899 1847 T
2951 1776 3347 1869 ductarum,
3387 1778 3456 1852 in
3503 1798 3691 1853 recta

1087 1895 1229 1967 ΟΡ.

1194 2022 1386 2098 CoR.
1444 2022 1531 2095 11.
1594 2019 1724 2092 Vel
1774 2015 1822 2090 si
1855 2016 2190 2115 positione
2232 2016 2488 2090 dentur
2517 2015 2934 2113 Hyperbola
2972 2015 3049 2091 &
3093 2041 3281 2095 recta
3325 2022 3446 2096 ΟΡ
3484 2023 3694 2120 ipfius

1084 2139 1477 2236 asymptoto
1516 2131 1651 2206 CY
1686 2131 2069 2229 parallela;
2137 2129 2186 2204 fi
2252 2154 2294 2201 a
2356 2130 2609 2223 quovis
2658 2148 2920 2224 puncto
2971 2129 3028 2202 Β
3081 2133 3153 2204 in
3207 2134 3345 2228 ipsa
3396 2135 3517 2207 ΟΡ
3557 2137 3692 2210 du·

1082 2271 1331 2324 cantur
1380 2250 1537 2321 duae
1585 2263 1808 2332 rectae,
1876 2242 2393 2343 Hyper‘bolam,
2446 2240 2560 2313 vel
2620 2242 3066 2336 Hyperbolas
3125 2243 3470 2340 oppositas
3530 2273 3698 2321 con·

1086 2366 1435 2460 tingentes
1498 2360 1569 2432 in
1610 2358 1913 2450 ,duobus
1964 2356 2250 2452 punctis
2308 2354 2407 2443 N,
2457 2354 2583 2440 T;
2646 2374 2835 2426 recta
2874 2353 3189 2452 jungens
3250 2358 3374 2431 ista
3431 2381 3694 2456 puncta

1083 2475 1397 2550 transibit
1451 2495 1574 2567 per
1627 2489 1973 2564 punctum
2014 2471 2266 2541 datum
2320 2471 2390 2541 in
2444 2468 2834 2560 asymptoto
2876 2470 3006 2541 CY
3051 2475 3162 2543 cui
3213 2493 3402 2547 recta
3441 2475 3561 2549 ΟΡ
3595 2477 3694 2548 est

1082 2587 1426 2686 parallela
1530 2582 1852 2654 Ducatur
1891 2580 2232 2653 diameter
2281 2577 2421 2651 CD
2453 2599 2575 2671 per
2622 2573 2702 2664 B,
2740 2599 3111 2650 occurrens
3146 2581 3263 2675 ipfi
3316 2584 3466 2655 NT
3497 2586 3567 2656 in
3598 2587 3690 2679 A,

1081 2712 1156 2783 δι
1188 2727 1311 2801 per
1341 2717 1687 2799 punctum
1713 2696 1810 2788 O,
1861 2697 1930 2769 in
1978 2721 2124 2791 quo
2167 2711 2355 2768 recta
2391 2691 2514 2764 ΟΡ
2545 2689 2970 2786 Hyperbolae
3011 2696 3338 2785 occurrit,
3390 2697 3691 2771 ducatur

1077 2822 1491 2917 contingens
1553 2837 1924 2909 occurrens
1976 2813 2366 2909 asymptoto
2425 2806 2556 2879 CY
2606 2807 2679 2878 in
2732 2805 2815 2895 F,
2879 2811 2954 2881 ὅτ
3006 2809 3345 2902 quoniam
3391 2836 3698 2911 propor-

1084 2932 1379 3008 tionales
1429 2931 1584 3003 sunt
1630 2929 1777 3018 CB,
1810 2928 1967 3018 CD,
2004 2925 2144 3001 CA
2177 2931 2252 3001 δι
2285 2940 2473 2996 recta
2523 2918 2750 3011 NAT
2807 2916 2888 2995 fit
2927 2925 3307 2999 ordinatim
3346 2929 3700 3023 applicata

1084 3047 1465 3135 diametro
1491 3043 1650 3132 CD,
1710 3042 2125 3136 contingens
2175 3034 2308 3111 OF
2341 3033 2643 3110 occurrit
2696 3031 2817 3128 ipfi
2851 3032 3071 3133 NAT
3116 3039 3203 3109 ad
3258 3038 3699 3137 asymptoton

1089 3159 1243 3247 CY,
1276 3179 1398 3251 per
1431 3154 1610 3226 hanc
1644 3118 1847 3247 Prop
1880 3175 2047 3247 ergo
2078 3147 2592 3245 rectajungens
2614 3164 2977 3219 contactus
3012 3147 3108 3236 N,
3137 3149 3543 3225 Ttransrbit
3571 3178 3694 3250 per

1096 3288 1441 3366 punctum
1472 3263 1574 3338 F.
1627 3265 1740 3336 sed
1772 3282 2053 3358 propter
2101 3260 2222 3333 ΟΡ
2252 3257 2588 3355 positione
2618 3256 2884 3346 datam,
2927 3257 3209 3333 dabitur
3241 3284 3585 3367 punctum
3620 3263 3694 3336 O

1096 3392 1168 3461 ὅτ.
1200 3382 1490 3480 proinde
1538 3380 1950 3476 contingens
1980 3376 2109 3471 OF
2149 3373 2483 3472 pofitione
2525 3374 2755 3466 datur,
2797 3377 3097 3451 occurrit
3126 3397 3365 3511 autem
3397 3380 3556 3523 ipfi
3563 3381 3694 3457 CY

1095 3498 1431 3613 politione
1464 3492 1693 3569 datae
1679 3518 1748 3567 m
1785 3491 1870 3585 F,
1912 3492 2062 3568 est
2044 3493 2257 3590 igitur
2287 3486 2634 3607 punctum
2666 3489 2727 3591 F
2751 3490 3023 3565 datum.
3087 3478 3098 3543 ἶ

1213 3625 1580 3703 Con.111.
1642 3625 1710 3696 A
1756 3644 2021 3753 puncto
2068 3621 2322 3718 quovis
2374 3620 2432 3692 F
2481 3620 2554 3691 in
2600 3620 3030 3750 Hyperbolae
3087 3616 3477 3724 asymptoto
3539 3596 3696 3724 CY,

1094 3752 1390 3825 ducatur
1454 3758 1642 3811 recta
1700 3741 2120 3838 contingens
2175 3734 2671 3832 Hyperbolam
2733 3736 2801 3808 in
2859 3737 2927 3809 Ο
2975 3743 3048 3813 δε
3101 3764 3223 3836 per
3283 3743 3352 3813 Ο
3402 3728 3697 3822 ducatur

1101 3883 1290 3939 recta
1343 3854 1466 3927 ΟΡ
1531 3851 1653 3948 ipfi
1726 3855 1855 3927 CY
1915 3852 2302 3953 parallela·
2353 3849 2400 3922 s1
2462 3872 2585 3943 per
2640 3870 2992 3972 punctum
3043 3851 3102 3924 F
3156 3855 3455 3931 ducatur
3513 3882 3702 3935 recta

1102 3977 1337 4052 secans
1401 3964 1892 4061 Hyperbolam
1946 3965 2060 4037 vel
2124 3960 2574 4065 Hyperbolas
2637 3959 2708 4031 in
2781 3963 3057 4059 punctis
3118 3963 3217 4058 N,
3281 3966 3377 4060 T,
3437 3975 3552 4045 &-
3581 3998 3699 4046 oc·

1100 4110 1388 4168 currens
1435 4079 1555 4181 ipsi
1616 4080 1739 4153 ΟΡ
1804 4081 1876 4155 in
1939 4081 2053 4174 M,
2113 4074 2453 4191 secabitur
2502 4074 2908 4155 harmonice
2960 4081 3032 4154 in
3086 4084 3363 4183 punctis
3411 4081 3514 4211 N,
3579 4070 3712 4177 M,‘

1100 4206 1213 4313 T,
1240 4201 1321 4281 F.
3709 4256 3719 4275 .

3498 4321 3701 4403 Nam
