4196 5352
866 424 1457 546 SeHionum
1519 427 2150 545 Conicarum
2194 428 2449 546 Lib.
2518 428 2672 544 V.
2888 467 2960 545 2
2976 468 3046 542 o
3062 465 3127 582 5

475 641 587 718 ’9.
617 623 736 698 lib.
770 645 833 718 3.
939 622 1010 699 Si
1060 645 1227 698 vero
1269 622 1590 695 diametri
1630 620 1754 695 fibi
1811 613 2119 696 invicem
2181 639 2553 695 occurrant
2608 640 2689 695 ut
2737 622 2809 695 in
2862 642 3134 718 puncto

511 737 600 825 C,
651 737 782 810 erit
819 736 1027 809 sectio
1068 732 1339 830 Ellipfis
1369 753 1489 807 aut
1522 733 1934 832 Hyperbola
1984 760 2149 832 quae
2196 735 2486 808 describi
2527 734 2753 832 potest
2799 756 2925 830 per
2957 737 3118 811 Cor.

482 889 489 894 -
509 872 575 944 3.
609 851 814 946 Prop.
858 873 967 925 10.
1001 847 1124 923 lib.
1157 871 1223 944 4.
1265 871 1434 920 nam
1487 849 1695 924 datur
1723 868 2046 923 centrum
2098 845 2247 943 ejus
2292 850 2376 940 C,
2423 845 2502 922 δε
2530 847 2869 944 positione
2914 850 3126 924 datur

503 961 847 1037 diameter
877 961 1001 1037 ΑΒ
1031 962 1143 1036 cui
1177 961 1559 1034 ordinatim
1589 960 2025 1056 applicantur
2055 963 2397 1060 parallelae
2429 961 2598 1052 KH,
2632 958 2822 1036 MN.

577 1074 689 1146 'In
725 1074 858 1148 hoc
891 1073 1327 1170 problemate
1359 1077 1433 1146 ὅτ
1463 1073 1911 1167 sequentibus
1944 1098 2114 1147 cum
2144 1074 2351 1148 sectio
2380 1072 2832 1148 describenda
2864 1070 3120 1145 dicitur

507 1183 811 1284 Ellips1s‚
853 1189 1035 1261 inter
1062 1185 1349 1282 Ellipses
1369 1205 1777 1259 numeratur
1806 1187 2131 1263 circulus·

967 1422 1386 1504 PROP.
1507 1421 1758 1503 XXII.
1881 1427 2410 1509 PROBL.
2525 1428 2629 1505 11.

506 1623 936 1706 sectionem
1008 1624 1354 1705 conicam
1422 1623 1837 1704 describere
1909 1651 2082 1733 quae
2154 1652 2291 1734 per
2362 1626 2503 1706 tria
2572 1642 2858 1735 puncta
2929 1623 3099 1705 data

615 1756 958 1846 transeat,
1019 1757 1098 1832 ὅτ,
1137 1752 1320 1833 duas
1360 1771 1591 1832 rectas
1633 1750 1996 1862 positione
2035 1750 2241 1832 datas
2327 1755 2743 1860 contingat.

654 1963 875 2038 INT
937 1982 1141 2037 rectae
1193 1961 1352 2056 AV,
1399 1960 1529 2036 AB
1584 1943 1920 2059 positione
1952 1962 2195 2049 datae;
2244 1965 2319 2036 ὅτ
2356 1963 2590 2057 primo
2647 1961 3095 2035 describenda
3157 1973 3293 2038 Fxo.
3337 1999 3434 2062 35.

680 2077 762 2152 fit
803 2079 1010 2151 sectio
1041 2102 1196 2174 quae
1244 2078 1369 2151 has
1416 2093 1640 2151 rectas
1686 2075 2049 2173 contingat
2096 2077 2170 2149 in
2210 2076 2392 2148 datis
2443 2076 2722 2173 punctis
2764 2077 2845 2167 B,
2881 2077 2973 2165 V,
3023 2080 3099 2150 δε

498 2192 792 2267 transeat
824 2214 945 2286 per
978 2193 1264 2264 tertium
1297 2210 1644 2286 punctum
1674 2190 1923 2262 datum
1957 2189 2140 2280 intra
2164 2189 2506 2284 angulum
2535 2184 2749 2262 BAV.

520 2335 525 2338 ·
595 2305 668 2376 Si
717 2322 918 2376 rectae
951 2299 1100 2390 AB,
1151 2297 1312 2390 AV,
1353 2299 1484 2374 sint
1521 2300 1859 2396 parallelae
1900 2300 2108 2374 sectio
2160 2300 2613 2375 describenda
2653 2300 2785 2374 erit
2832 2296 3104 2398 Ellipfis

494 2414 779 2513 ejusque
802 2413 1143 2486 diameter
1174 2413 1305 2484 erit
1334 2409 1587 2509 juncta
1611 2408 1761 2508 BV,
1816 2412 1928 2485 cui
1958 2413 2341 2486 ordinatim
2384 2414 2729 2510 applicata
2757 2413 2886 2485 erit
2921 2431 3108 2484 recta

489 2529 709 2603 ducta
757 2550 882 2625 per
914 2525 1200 2600 tertium
1238 2543 1586 2622 punctum
1628 2526 1879 2597 datum
1926 2528 2000 2599 ὅτ
2053 2524 2212 2621 ipsis
2240 2525 2391 2615 AB,
2440 2523 2569 2597 AV
2631 2522 2978 2618 parallela,
3029 2520 3106 2598 ὅ(

493 2646 791 2740 proinde
821 2644 1031 2713 sectio
1081 2644 1152 2708 in
1203 2643 1338 2706 hoc
1380 2641 1539 2705 casu
1581 2638 1787 2702 facile
1844 2638 2279 2715 describitur,
2330 2654 2454 2724 per
2504 2635 2664 2706 Cor.
2693 2638 2918 2733 Prop.
2977 2661 3099 2731 35.

464 2840 467 2845 ⁴
496 2756 620 2827 lib.
656 2776 722 2827 2.

590 2945 729 3033 Cas.
796 2963 855 3012 1.
909 2937 1300 3006 Occurrant
1342 2938 1513 3004 ver'o
1567 2947 1766 3004 rectae
1800 2928 1951 3020 AB,
2005 2925 2136 3005 AV
2188 2930 2260 3002 in
2309 2929 2397 3021 A,
2459 2931 2783 3009 bifariam
2834 2936 3096 3011 secetur

408 3098 411 3103 ·
482 3059 733 3156 juncta
752 3045 875 3120 BV
927 3036 997 3118 in
1020 3043 1102 3133 P,
1150 3040 1226 3115 δε
1253 3032 1551 3114 ducatur
1572 3042 1702 3117 PA
1750 3039 1881 3111 erit
1908 3041 2059 3112 haec
2095 3041 2441 3114 diameter
2493 3045 2807 3121 sectionis
2840 3051 3087 3124 descri-

493 3167 742 3244 bendae
767 3160 923 3255 (26.
942 3158 1069 3229 lib.
1109 3162 1204 3244 1.)
1237 3152 1317 3228 fit
1348 3177 1538 3229 nunc
1570 3154 1856 3227 tertium
1881 3170 2228 3248 punctum
2247 3154 2497 3228 datum
2518 3156 2584 3228 O
2606 3159 2675 3229 in
2694 3179 2881 3234 recta
2909 3163 3033 3235 PA
3066 3202 3088 3250 ;

497 3282 552 3370 fi
595 3281 749 3367 ΡΟ,
797 3274 934 3346 ΟΑ
953 3268 1085 3344 fint
1135 3269 1467 3362 aequales,
1516 3265 1941 3341 describatur
2000 3266 2338 3342 Parabola
2397 3273 2427 3359 <
2431 3292 2554 3364 per
2619 3293 2736 3366 33.
2796 3274 2913 3347 lib.
2987 3280 3089 3368 2.)

464 3393 691 3491 ¹cujus
726 3390 1069 3462 diameter
1107 3381 1205 3455 est
1245 3399 1433 3453 recta
1457 3379 1608 3468 PA,
1651 3378 1989 3451 verticem
2017 3378 2287 3451 habens
2317 3379 2387 3484 O
2430 3384 2504 3454 δε
2545 3384 2656 3456 cui
2691 3386 2827 3480 ipsa
2853 3387 2978 3460 BV
3004 3392 3088 3468 fit

464 3501 874 3581 *ordinatim
901 3495 1265 3593 applicata,
1302 3509 1505 3565 rectae
1544 3492 1693 3582 AB,
1744 3490 1875 3563 AV
1918 3491 2101 3564 hanc
2141 3488 2555 3565 Parabolam
2579 3490 2987 3596 contingent
3021 3506 3092 3578 in

488 3614 551 3703 B
578 3624 652 3693 δι
684 3612 765 3687 V‘
791 3630 872 3685 ut
899 3609 1166 3684 constat
1206 3630 1296 3680 ex
1322 3608 1525 3700 Prop.
1556 3624 1672 3700 47.
1701 3602 1820 3676 lib.
1868 3624 1926 3677 1.
2030 3602 2101 3674 Si
2124 3628 2292 3676 vero
2321 3626 2667 3701 punctum
2698 3611 2766 3681 O
2794 3611 2875 3686 s1t
2906 3617 3084 3691 inter

493 3730 550 3807 P
570 3728 657 3825 J&
686 3726 775 3817 A,
821 3741 894 3799 et
927 3740 1123 3795 rectae
1151 3719 1302 3807 ΡΟ,
1328 3717 1466 3789 ΟΛ
1490 3715 1622 3789 sint
1645 3712 2043 3809 inaequaleS‚
2072 3718 2494 3811 producatur
2525 3720 2821 3817 ipsarum
2850 3727 3081 3803 minor

491 3846 585 3919 ad
604 3842 692 3928 C,
722 3837 819 3909 ita
839 3851 919 3908 ut
938 3835 1083 3922 CP,
1102 3829 1257 3919 CO,
1286 3827 1421 3902 CA
1446 3827 1577 3903 fint
1607 3827 2155 3924 proportionales
2183 3846 2254 3899 et
2278 3828 2584 3902 sumatur
2615 3834 3082 3932 CQaequalis

490 3955 617 4061 ipfi
643 3952 776 4029 CO
806 3988 829 4038 ς
887 3967 1046 4020 turn
1081 3946 1239 4041 (per
1273 3946 1430 4018 Cor.
1475 3967 1584 4038 35.
1616 3943 1735 4018 lib.
1768 3948 1864 4031 2.)
1897 3941 2319 4014 describatur
2351 3939 2621 4043 Ellipfis
2648 3965 2769 4019 aut
2802 3945 3079 4045 Hyper.

490 4071 656 4147 bola
671 4065 868 4162 cujus
886 4061 1224 4133 diameter
1243 4054 1325 4129 fit
1348 4051 1520 4151 OQ,
1543 4055 1657 4130 cui
1686 4074 1876 4129 recta
1887 4052 2015 4126 VB
2040 4051 2122 4127 s1t
2140 4055 2518 4128 ordinatim
2539 4058 2904 4152 applicata,
2942 4064 3077 4133 sec-

446 4164 453 4169 ’
496 4184 598 4260 tio
618 4195 839 4265 rectas
858 4170 1015 4267 AB,
1035 4169 1170 4246 AV
1194 4169 1655 4269 continget·in
1686 4168 1967 4270 punctis
2014 4163 2100 4260 B,
2125 4170 2200 4244 ὅτ
2229 4166 2295 4240 V
2325 4176 2436 4261 (ut
2463 4168 2729 4245 constat
2761 4192 2848 4242 ex
2875 4168 3081 4269 Prop.

2953 4297 3074 4383 48»
