4196 5352
890 500 1483 624 SeHionum
1531 504 2163 624 Conicarum
2223 504 2478 623 Lib.
2526 503 2641 621 II
2653 594 2679 622 .
2951 512 3021 627 8
3046 552 3097 629 1

505 700 855 799 triangulo
906 703 1116 796 ELF,
1171 704 1379 777 datus
1423 704 1522 777 est
1575 730 1665 778 ex
1720 703 2116 801 Hypothefi
2166 707 2467 803 angulus
2510 707 2718 798 LFE,
2771 726 2842 781 et
2876 707 2974 779 est
3007 730 3129 777 an-

503 816 710 909 gulus
761 816 943 889 ELF
989 818 1271 912 aequalis
1301 818 1559 913 angulo
1605 820 1771 892 dato
1813 816 2027 908 CBA,
2092 818 2314 914 specie
2368 821 2648 893 dabitur
2693 821 3130 917 triangulum

508 930 694 1003 ELF
752 942 907 1027 (per
937 957 1053 1026 40.
1105 932 1271 1008 Dat.
1306 932 1648 1023 Euclidis)
1678 958 1846 1031 ergo
1873 936 2081 1006 datur
2112 935 2287 1006 ratio
2332 933 2451 1006 FE
2489 936 2576 1006 ad
2622 935 2786 1021 EL;
2846 935 3129 1007 eodem-

505 1067 648 1137 que
699 1046 912 1117 modo
958 1046 1029 1117 in
1072 1045 1420 1143 triangulo
1454 1045 1711 1138 EMH,
1758 1047 2040 1119 dabitur
2094 1045 2268 1118 ratio
2299 1045 2462 1135 EH,
2514 1048 2601 1119 ad
2653 1047 2849 1134 EM;
2911 1067 3128 1140 quare

498 1157 706 1230 datur
761 1160 933 1231 ratio
984 1185 1072 1233 ex
1103 1159 1285 1233 hisce
1331 1158 1736 1255 compofita,
1790 1160 1925 1233 hoc
1963 1159 2062 1233 est
2116 1161 2274 1256 (per
2327 1183 2439 1255 23.
2476 1161 2579 1249 6.)
2634 1162 2811 1234 ratio
2852 1177 3127 1233 rectan-

499 1270 646 1364 guli
710 1268 770 1339 F
775 1270 912 1343 EH
967 1272 1054 1343 ad
1113 1272 1600 1368 rectangulum
1649 1269 1890 1346 LEM.

602 1380 875 1454 Eodem
934 1383 1149 1455 modo
1194 1382 1594 1456 ostendetur
1639 1382 1984 1456 rationem
2021 1381 2403 1479 rectanguli
2438 1376 2646 1455 OEN
2701 1383 2790 1455 ad
2845 1401 3119 1457 rectan-

504 1491 758 1589 gulurn
805 1493 1029 1585 GEK,
1090 1497 1333 1568 datam
1387 1493 1532 1569 esse,
1638 1492 1776 1567 Sed
1826 1496 2032 1567 datur
2090 1496 2265 1568 ratio
2317 1495 2700 1591 rectanguli
2755 1493 2976 1567 LEM
3034 1494 3124 1567 ad

505 1611 996 1708 rectangulum
1064 1611 1270 1685 OEN
1334 1620 1486 1707 (per
1548 1609 1708 1684 Cor.
1756 1613 1849 1698 1.)
1937 1633 2128 1705 erge,
2212 1610 2550 1704 quoniam
2614 1608 2963 1684 ostensum
3027 1607 3130 1682 est

504 1723 747 1795 datam
809 1724 940 1807 effe
995 1724 1340 1797 rationem
1433 1720 1816 1819 rectanguli
1871 1719 2069 1793 FEH
2141 1722 2231 1793 ad
2307 1722 2531 1817 ipsum
2577 1721 2816 1811 Lm,
2897 1741 2971 1796 et
3015 1746 3121 1794 ra-

504 1834 779 1909 tionem
862 1833 1068 1931 ipfius
1126 1836 1340 1908 LEM
1403 1837 1490 1907 ad
1558 1835 1784 1923 OEN,
1852 1832 2188 1931 ipsiusque
2240 1835 2443 1907 OEN
2498 1835 2585 1908 ad
2633 1835 3121 1932 rectangulum

510 1948 754 2034 GEK·‚
814 1949 1094 2021 dabitur
1157 1959 1310 2046 (per
1346 1954 1406 2025 8.
1463 1950 1636 2022 Dat.
1686 1948 2021 2037 Euclidis)
2080 1949 2255 2026 ratio
2309 1950 2693 2049 rectanguli
2748 1948 2976 2041 FEH,
3030 1949 3120 2021 ad

502 2063 1001 2159 rectangulurn
1052 2063 1273 2140 GEK.

614 2160 697 2232 In
746 2160 1211 2257 propofitione
1242 2178 1314 2237 et
1345 2163 1560 2237 hocce
1605 2161 1984 2237 Corollario
2016 2158 2231 2236 fufius
2277 2162 2840 2239 demonstrantur
2871 2183 3116 2235 ornnes

505 2274 707 2349 casus
737 2274 1124 2353 Lemmatis
1160 2298 1274 2375 17.
1327 2276 1443 2353 lib.
1494 2302 1550 2353 1.
1587 2277 1758 2353 Phil.
1797 2278 1967 2352 Nat.
1997 2277 2224 2353 Ptine.
2261 2276 2497 2352 Math.

1728 3891 1809 3982 L
2487 3885 3085 3981 SECT·1-
