4196 5352
1065 528 1150 616 '1
1187 538 1239 613 1
1259 535 1345 649 4
1516 490 2108 608 SeHionum
2171 486 2801 605 Conicarum
2846 483 3105 603 Lib.
3170 477 3290 598 II
3306 575 3331 602 .

1091 693 1474 795 paranda,
1537 691 1669 765 erit
1695 689 1839 765 CT
1891 686 2008 788 ipfi
2048 654 2213 760 CA
2232 687 2549 784 aequalis
2568 687 2598 780 (
2609 711 2647 764 2
2659 711 2721 781 3
2757 681 2935 782 huj.)
2971 701 3129 760 tum
3185 702 3476 783 propter
3516 681 3731 779 aequi-

1094 809 1355 907 angula
1383 806 1736 904 triangula
1777 802 2011 894 KCT,
2042 800 2261 893 LOP,
2319 803 2451 875 erit
2481 803 2610 874 CK
2647 804 2737 874 ad
2766 801 2906 875 CT
2934 798 3076 875 five
3107 800 3271 895 CA,
3318 820 3401 877 ut
3442 798 3583 876 OL
3632 801 3727 875 ad

1094 919 1252 1013 ΟΡ,
1281 920 1416 995 hoc
1449 919 1574 1008 est,
1608 936 1688 992 ut
1711 918 1866 992 CM
1899 919 1987 990 ad
2021 912 2183 1006 CD,
2217 936 2341 1011 per
2372 916 2555 991 hanc
2584 914 3146 1014 propositionem.

1206 1040 1398 1112 CoR.
1435 1035 1522 1109 11.
1580 1031 1952 1131 Quoniam
2022 1033 2092 1105 in
2156 1028 2395 1125 Ellipfi
2449 1052 2569 1105 aut
2631 1032 3069 1128 Hyperbola,
3142 1034 3571 1129 quadratum
3636 1036 3730 1107 ex'

1102 1147 1243 1236 FT
1274 1149 1372 1224 est
1403 1149 1492 1220 ad
1523 1145 1950 1242 quadratum
1980 1168 2070 1219 ex
2120 1141 2260 1233 FP,
2310 1168 2391 1217 ut
2417 1147 2847 1241 quadratum
2877 1169 2965 1218 ex
2996 1148 3149 1221 CM
3180 1148 3269 1221 ad
3299 1149 3730 1245 quadratum

1095 1285 1186 1334 ex
1237 1257 1405 1351 CD,
1462 1264 1535 1335 ὅτ
1591 1258 1842 1331 datum
1898 1256 1998 1330 est
2048 1255 2477 1351 quadratum
2529 1284 2621 1332 ex
2666 1257 2965 1331 semiaxe
2997 1256 3297 1333 secundo
3327 1259 3526 1345 CM;
3587 1259 3725 1333 erit

1093 1374 1519 1469 quadratum
1596 1395 1688 1445 ex
1756 1368 1894 1445 FT
1958 1390 2038 1444 ut
2093 1367 2283 1534 &573
2319 1372 2467 1445 hoc
2538 1370 2637 1445 est
2702 1380 2860 1468 (per
2932 1392 3047 1468 19.
3109 1372 3297 1472 huj)
3386 1368 3734 1525 uth-§gp

1103 1550 1250 1627 five
1272 1571 1353 1625 ut
1399 1552 1516 1707 ἐξ
1561 1574 1729 1647 ergo
1789 1549 2217 1643 quadratum
2273 1573 2363 1622 ex
2435 1548 2573 1623 FT
2630 1567 2925 1645 augetur
2984 1548 3053 1621 in
3103 1548 3371 1625 ratione
3452 1551 3524 1623 in
3582 1580 3729 1651 qua

1101 1727 1217 1803 FP
1268 1747 1563 1825 augetur
1626 1747 1700 1802 et
1759 1728 1883 1803 ΟΡ
1930 1728 2378 1817 diminuitur,
2454 1724 2570 1799 sed
2637 1727 2708 1801 in
2782 1717 3021 1822 Ellipfi
3100 1728 3277 1801 dum
3342 1726 3460 1803 FP
3516 1755 3729 1830 auge-

1098 1842 1237 1935 tur,
1334 1842 1466 1918 ΟΡ
1530 1843 1950 1918 diminuitur
1999 1846 2076 1918 ὅτ
2153 1845 2308 1917 vice
2394 1841 2632 1917 versa:
2711 1865 2884 1938 ergo
2946 1841 3017 1912 in
3104 1840 3342 1939 Ellipfi
3424 1849 3731 1939 quadra-

1099 1976 1260 2040 tum
1309 1981 1402 2032 ex
1447 1953 1588 2029 FT
1637 1956 1863 2054 magis
1919 1956 2228 2031 variatur
2268 1979 2509 2053 ¹quam
2566 1955 2640 2028 in
2712 1955 2982 2029 ratione
3045 1952 3254 2052 ipfius
3308 1953 3468 2047 FP,
3525 1977 3599 2033 at
3655 1961 3726 2034 in

1103 2071 1521 2171 Hyperbola
1577 2070 1718 2165 FP,
1777 2071 1903 2146 ΟΡ
1971 2070 2175 2147 fimul
2234 2091 2606 2175 augentur,
2662 2071 2777 2145 vel
2835 2071 3370 2150 diminuuntur:
3434 2099 3604 2202 ergo
3655 2077 3727 2149 in

1096 2182 1515 2282 Hyperbola
1565 2184 1993 2280 quadratum
2042 2211 2134 2260 ex
2180 2184 2318 2259 FT
2368 2184 2605 2259 minus
2652 2182 2986 2276 variatur,
3046 2209 3266 2280 quam
3326 2187 3396 2260 in
3462 2186 3731 2262 ratione

1099 2296 1308 2390 ipsius
1362 2294 1531 2384 FP,
1582 2300 1657 2371 δι
1707 2296 2002 2389 proinde
2063 2295 2292 2394 ipsum
2335 2295 2920 2394 perpendiculum
2968 2292 3107 2369 FT
3145 2322 3186 2371 a
3230 2298 3389 2374 foco
3438 2301 3510 2373 in
3561 2323 3728 2374 con-

1100 2408 1499 2503 tingentem
1548 2401 1929 2489 dimiss‘um,
1991 2399 2064 2474 in
2136 2402 2373 2500 Ellipfi
2429 2409 2684 2501 magis»,
2751 2421 2825 2474 et
2883 2411 2955 2473 in
3020 2411 3434 2499 Hyperbola
3494 2416 3731 2486 minus

1099 2520 1409 2592 variatur
1455 2538 1675 2612 quam
1743 2514 1817 2586 in
1872 2513 2359 2611 subduplicata
2412 2514 2682 2587 ratione
2742 2510 2952 2608 ipfius
3016 2512 3131 2586 FP
3178 2514 3329 2596 seiz.
3390 2518 3735 2597 distantiae

1104 2627 1238 2707 foci
1297 2627 1357 2702 F
1411 2653 1453 2703 a
1505 2644 1767 2726 puncto
1795 2644 2163 2704 contactus
2199 2626 2272 2705 P.

1202 2741 1388 2820 Vide
1418 2745 1639 2820 Newt.
1676 2744 1870 2820 Prin.
1923 2741 2163 2822 Math.
2223 2743 2381 2818 Cor.
2441 2739 2503 2816 6.
2557 2738 2759 2838 Prop.
2808 2741 2914 2819 16.
2944 2741 3062 2819 lib.
3102 2768 3161 2823 1.

1895 2982 2409 3067 PROP.
2490 2908 2849 3066 XXXII.

727 3110 845 3179 ¹⁹¹⁰
853 3131 997 3175 ··²²
1111 3131 1222 3213 Sit
1279 3129 1576 3240 Ellipfis
1616 3131 1831 3239 cujus
1892 3127 2060 3210 axis
2116 3126 2569 3210 transversus
2606 3127 2731 3210 est
2767 3129 2936 3224 AB,
3003 3131 3083 3212 sc
3124 3127 3307 3212 axis>
3346 3131 3725 3222 secundus

1219 3260 1433 3354 MN,
1499 3279 2026 3365 centrumque·
2073 3257 2205 3351 C,
2266 3255 2321 3333 fi
2395 3280 2438 3333 a
2513 3272 2804 3363 puncto
2875 3257 2975 3335 D
3029 3256 3108 3336 in
3164 3259 3316 3339 {axe
3391 3260 3723 3347 secundo

1217 3407 1542 3501 ponatur
1591 3390 1687 3469 ad
1724 3414 1948 3468 axem
2001 3377 2505 3466 transversum
2553 3401 2756 3463 recta
2818 3385 3008 3478 DG,
3066 3389 3370 3495 aequalis
3411 3395 3727 3476 summae

1223 3519 1346 3601 vel
1371 3518 1814 3601 differentiae
1849 3514 2296 3597 semiaxium
2328 3510 2515 3610 CA,
2558 3511 2762 3605 CM,
2812 3514 2891 3591 δε
2946 3513 3021 3593 in
3063 3535 3263 3598 tecta
3300 3521 3464 3602 DG
3506 3528 3724 3636 (pro-

1226 3649 1450 3728 ducta
1514 3646 1710 3726 ultra
1759 3661 2139 3753 punctum
2209 3642 2315 3733 G,
2380 3666 2565 3719 cum
2627 3636 2718 3717 fit
2786 3637 2949 3718 CG
3012 3641 3438 3727 differentia
3495 3652 3718 3732 semi-

1226 3771 1526 3878 axium)
1562 3771 1900 3853 sumatur
1939 3766 2080 3848 GP
2120 3766 2427 3926 aequalis
2464 3764 2597 3876 ipfi
2626 3763 2849 3862 CM;
2887 3767 3026 3847 erit
3088 3793 3495 3880 punctum
3518 3779 3581 3858 P
3635 3777 3718 3856 in

1227 3901 1521 4011 Enipfi.

1310 4090 1822 4169 UCATUR
1873 4088 2067 4165 enim
2120 4112 2244 4186 per
2293 4108 2645 4188 punctum
2678 4037 2737 4169 P
2778 4110 2967 4169 recta
3014 4095 3134 4174 PE
3184 4097 3558 4174 ordinatim
3606 4125 3728 4198 ap-

1358 4209 1609 4304 plicata
1641 4209 1752 4284 axi
1793 4203 1945 4298 AB,
1991 4209 2064 4280 ὃῑ
2112 4230 2153 4276 a
2198 4226 2439 4281 centro
2486 4208 2782 4281 ducatur
2823 4232 3013 4286 recta
3061 4214 3384 4311 parallela
3414 4211 3534 4311 ipfi
3592 4211 3726 4293 DP

1110 4347 1483 4440 occurrens
1513 4311 1635 4403 PE
1665 4319 2034 4424 ‘productae
2065 4321 2138 4395 in
2167 4313 2228 4395 F
2242 4317 2273 4418 ‘3
2333 4321 2614 4422 propter
2650 4321 3023 4424 'parallelas
3062 4319 3222 4426 CD,
3248 4323 3391 4422 PF,
3438 4328 3568 4402 erit
3600 4325 3725 4404 CF

1005 4487 1010 4490 -
3436 4445 3722 4544 aequqlis
