<?xml version="1.0" encoding="UTF-8"?>
<!DOCTYPE html PUBLIC "-//W3C//DTD XHTML 1.0 Transitional//EN"
    "http://www.w3.org/TR/xhtml1/DTD/xhtml1-transitional.dtd">
<html xmlns="http://www.w3.org/1999/xhtml" xml:lang="en" lang="en">
 <head>
  <title>
</title>
<meta http-equiv="Content-Type" content="text/html;charset=utf-8" />
  <meta name='ocr-system' content='tesseract 3.04.00' />
  <meta name='ocr-capabilities' content='ocr_page ocr_carea ocr_par ocr_line ocrx_word'/>
</head>
<body>
  <div class='ocr_page' id='page_1' title='image "./desectionibusco01hamigoog_0051.png"; bbox 0 0 4196 5352; ppageno 0'>
   <div class='ocr_carea' id='block_1_1' title="bbox 888 380 3152 563">
    <p class='ocr_par' dir='ltr' id='par_1_1' title="bbox 888 380 3152 563">
     <span class='ocr_line' id='line_1_1' title="bbox 888 380 3152 563; baseline -0.002 -52"><span class='ocrx_word' id='word_1_1' title='bbox 888 380 1495 511; x_wconf 61' lang='lat' dir='ltr'>‚SeinOnum</span> <span class='ocrx_word' id='word_1_2' title='bbox 1550 383 2186 503; x_wconf 81' lang='lat' dir='ltr'>Conicarum</span> <span class='ocrx_word' id='word_1_3' title='bbox 2240 383 2500 563; x_wconf 52' lang='lat' dir='ltr'>Lib.⁸</span> <span class='ocrx_word' id='word_1_4' title='bbox 2567 386 2658 503; x_wconf 88' lang='lat'>1.</span> <span class='ocrx_word' id='word_1_5' title='bbox 2871 432 2885 452; x_wconf 73' lang='lat'><strong><em>¹</em></strong></span> <span class='ocrx_word' id='word_1_6' title='bbox 2932 402 3000 539; x_wconf 82' lang='lat'><strong>3</strong></span> <span class='ocrx_word' id='word_1_7' title='bbox 3026 429 3075 506; x_wconf 90' lang='lat'>1</span> <span class='ocrx_word' id='word_1_8' title='bbox 3139 428 3152 439; x_wconf 75' lang='grc'><em>“</em></span> 
     </span>
    </p>
   </div>
   <div class='ocr_carea' id='block_1_2' title="bbox 472 575 3234 2274">
    <p class='ocr_par' dir='ltr' id='par_1_2' title="bbox 472 575 3102 1707">
     <span class='ocr_line' id='line_1_2' title="bbox 478 575 3100 681; baseline -0.003 -24"><span class='ocrx_word' id='word_1_9' title='bbox 478 582 551 657; x_wconf 84' lang='lat' dir='ltr'>in</span> <span class='ocrx_word' id='word_1_10' title='bbox 584 579 840 656; x_wconf 85' lang='lat' dir='ltr'>eodem</span> <span class='ocrx_word' id='word_1_11' title='bbox 872 604 1041 655; x_wconf 87' lang='lat' dir='ltr'>cum</span> <span class='ocrx_word' id='word_1_12' title='bbox 1079 578 1160 657; x_wconf 91' lang='lat' dir='ltr'>iis</span> <span class='ocrx_word' id='word_1_13' title='bbox 1188 578 1402 681; x_wconf 86' lang='lat' dir='ltr'>plano</span> <span class='ocrx_word' id='word_1_14' title='bbox 1453 586 1561 676; x_wconf 87' lang='lat'>(7.</span> <span class='ocrx_word' id='word_1_15' title='bbox 1603 584 1747 669; x_wconf 77' lang='grc' dir='ltr'>ιι.)</span> <span class='ocrx_word' id='word_1_16' title='bbox 1810 603 1982 678; x_wconf 81' lang='lat' dir='ltr'>ergo</span> <span class='ocrx_word' id='word_1_17' title='bbox 2039 598 2228 655; x_wconf 69' lang='lat' dir='ltr'>reem</span> <span class='ocrx_word' id='word_1_18' title='bbox 2273 578 2402 655; x_wconf 87' lang='lat' dir='ltr'>LV</span> <span class='ocrx_word' id='word_1_19' title='bbox 2445 578 2544 654; x_wconf 89' lang='lat' dir='ltr'>est</span> <span class='ocrx_word' id='word_1_20' title='bbox 2589 581 2661 655; x_wconf 87' lang='lat' dir='ltr'>in</span> <span class='ocrx_word' id='word_1_21' title='bbox 2714 579 2924 677; x_wconf 85' lang='lat' dir='ltr'>plano</span> <span class='ocrx_word' id='word_1_22' title='bbox 2979 575 3100 649; x_wconf 86' lang='lat' dir='ltr'>tri-</span> 
     </span>
     <span class='ocr_line' id='line_1_3' title="bbox 472 692 3100 793; baseline -0.003 -22"><span class='ocrx_word' id='word_1_23' title='bbox 472 694 713 793; x_wconf 78' lang='lat' dir='ltr'>anguli</span> <span class='ocrx_word' id='word_1_24' title='bbox 744 695 986 773; x_wconf 81' lang='lat' dir='ltr'>BAD:</span> <span class='ocrx_word' id='word_1_25' title='bbox 1024 717 1150 791; x_wconf 85' lang='lat' dir='ltr'>per</span> <span class='ocrx_word' id='word_1_26' title='bbox 1174 696 1595 792; x_wconf 85' lang='lat' dir='ltr'>punctumP</span> <span class='ocrx_word' id='word_1_27' title='bbox 1617 696 1917 768; x_wconf 79' lang='lat' dir='ltr'>ducatur</span> <span class='ocrx_word' id='word_1_28' title='bbox 1962 695 2033 768; x_wconf 84' lang='lat' dir='ltr'>in</span> <span class='ocrx_word' id='word_1_29' title='bbox 2070 694 2206 769; x_wconf 87' lang='lat' dir='ltr'>hoc</span> <span class='ocrx_word' id='word_1_30' title='bbox 2237 694 2454 793; x_wconf 82' lang='lat' dir='ltr'>plano</span> <span class='ocrx_word' id='word_1_31' title='bbox 2483 712 2671 770; x_wconf 87' lang='lat' dir='ltr'>recta</span> <span class='ocrx_word' id='word_1_32' title='bbox 2693 692 2957 793; x_wconf 72' lang='lat' dir='ltr'>quaevis</span> <span class='ocrx_word' id='word_1_33' title='bbox 2982 714 3100 764; x_wconf 88' lang='lat' dir='ltr'>oc-</span> 
     </span>
     <span class='ocr_line' id='line_1_4' title="bbox 482 805 3101 906; baseline -0.004 -17"><span class='ocrx_word' id='word_1_34' title='bbox 482 832 773 889; x_wconf 78' lang='lat' dir='ltr'>currens</span> <span class='ocrx_word' id='word_1_35' title='bbox 827 807 951 906; x_wconf 83' lang='lat' dir='ltr'>ipfi</span> <span class='ocrx_word' id='word_1_36' title='bbox 994 809 1137 885; x_wconf 90' lang='lat' dir='ltr'>AD</span> <span class='ocrx_word' id='word_1_37' title='bbox 1170 810 1240 882; x_wconf 87' lang='lat' dir='ltr'>in</span> <span class='ocrx_word' id='word_1_38' title='bbox 1290 825 1556 905; x_wconf 86' lang='lat' dir='ltr'>puncto</span> <span class='ocrx_word' id='word_1_39' title='bbox 1615 809 1929 906; x_wconf 82' lang='lat' dir='ltr'>quodam</span> <span class='ocrx_word' id='word_1_40' title='bbox 1955 809 2162 903; x_wconf 78' lang='lat' dir='ltr'>Q&amp;</span> <span class='ocrx_word' id='word_1_41' title='bbox 2213 806 2334 904; x_wconf 78' lang='lat' dir='ltr'>ipsi</span> <span class='ocrx_word' id='word_1_42' title='bbox 2365 808 2491 881; x_wconf 91' lang='lat' dir='ltr'>AB</span> <span class='ocrx_word' id='word_1_43' title='bbox 2523 809 2596 881; x_wconf 88' lang='lat' dir='ltr'>in</span> <span class='ocrx_word' id='word_1_44' title='bbox 2630 808 2741 894; x_wconf 75' lang='lat'>0,</span> <span class='ocrx_word' id='word_1_45' title='bbox 2804 828 2928 902; x_wconf 87' lang='lat' dir='ltr'>per</span> <span class='ocrx_word' id='word_1_46' title='bbox 2952 805 3101 879; x_wconf 82' lang='lat' dir='ltr'>haec</span> 
     </span>
     <span class='ocr_line' id='line_1_5' title="bbox 480 917 3100 1029; baseline -0.002 -32"><span class='ocrx_word' id='word_1_47' title='bbox 480 942 743 1029; x_wconf 82' lang='lat' dir='ltr'>puncta</span> <span class='ocrx_word' id='word_1_48' title='bbox 764 926 1114 999; x_wconf 88' lang='lat' dir='ltr'>ducantur</span> <span class='ocrx_word' id='word_1_49' title='bbox 1167 925 1240 997; x_wconf 90' lang='lat' dir='ltr'>in</span> <span class='ocrx_word' id='word_1_50' title='bbox 1279 921 1507 1018; x_wconf 86' lang='lat' dir='ltr'>planis</span> <span class='ocrx_word' id='word_1_51' title='bbox 1543 924 2121 1020; x_wconf 79' lang='lat' dir='ltr'>contingentibus</span> <span class='ocrx_word' id='word_1_52' title='bbox 2151 923 2388 1013; x_wconf 78' lang='grc' dir='ltr'><strong>ΑΒΕ,</strong></span> <span class='ocrx_word' id='word_1_53' title='bbox 2417 922 2636 1015; x_wconf 84' lang='grc' dir='ltr'>ΑΒΚ,</span> <span class='ocrx_word' id='word_1_54' title='bbox 2692 939 2895 994; x_wconf 83' lang='lat' dir='ltr'>rectae</span> <span class='ocrx_word' id='word_1_55' title='bbox 2922 917 3100 1017; x_wconf 81' lang='lat' dir='ltr'>QR,</span> 
     </span>
     <span class='ocr_line' id='line_1_6' title="bbox 479 1036 3099 1136; baseline -0.002 -23"><span class='ocrx_word' id='word_1_56' title='bbox 479 1038 593 1113; x_wconf 91' lang='lat' dir='ltr'>OS</span> <span class='ocrx_word' id='word_1_57' title='bbox 655 1040 995 1135; x_wconf 77' lang='lat' dir='ltr'>parallelae</span> <span class='ocrx_word' id='word_1_58' title='bbox 1049 1058 1255 1115; x_wconf 78' lang='lat' dir='ltr'>rectae</span> <span class='ocrx_word' id='word_1_59' title='bbox 1285 1042 1415 1115; x_wconf 87' lang='lat' dir='ltr'>AF</span> <span class='ocrx_word' id='word_1_60' title='bbox 1451 1038 1912 1123; x_wconf 78' lang='lat' dir='ltr'>interfectioni</span> <span class='ocrx_word' id='word_1_61' title='bbox 1959 1038 2150 1136; x_wconf 85' lang='lat' dir='ltr'>plani</span> <span class='ocrx_word' id='word_1_62' title='bbox 2192 1038 2668 1135; x_wconf 80' lang='lat' dir='ltr'>contingentis</span> <span class='ocrx_word' id='word_1_63' title='bbox 2696 1036 2891 1110; x_wconf 83' lang='grc' dir='ltr'>ΑΒΚ</span> <span class='ocrx_word' id='word_1_64' title='bbox 2928 1059 3099 1109; x_wconf 86' lang='lat' dir='ltr'>cum</span> 
     </span>
     <span class='ocr_line' id='line_1_7' title="bbox 475 1149 3100 1250; baseline 0 -28"><span class='ocrx_word' id='word_1_65' title='bbox 475 1150 685 1247; x_wconf 90' lang='lat' dir='ltr'>plano</span> <span class='ocrx_word' id='word_1_66' title='bbox 720 1150 1026 1235; x_wconf 86' lang='lat' dir='ltr'>verticali</span> <span class='ocrx_word' id='word_1_67' title='bbox 1058 1155 1287 1247; x_wconf 88' lang='lat' dir='ltr'>ADE,</span> <span class='ocrx_word' id='word_1_68' title='bbox 1341 1155 1447 1239; x_wconf 77' lang='lat' dir='ltr'>hae</span> <span class='ocrx_word' id='word_1_69' title='bbox 1497 1172 1698 1230; x_wconf 76' lang='lat' dir='ltr'>rectae</span> <span class='ocrx_word' id='word_1_70' title='bbox 1742 1151 2182 1250; x_wconf 80' lang='lat' dir='ltr'>superficiem</span> <span class='ocrx_word' id='word_1_71' title='bbox 2235 1154 2651 1249; x_wconf 80' lang='lat' dir='ltr'>contingent</span> <span class='ocrx_word' id='word_1_72' title='bbox 2696 1153 2769 1225; x_wconf 91' lang='lat' dir='ltr'>in</span> <span class='ocrx_word' id='word_1_73' title='bbox 2818 1149 3100 1246; x_wconf 79' lang='lat' dir='ltr'>punctis</span> 
     </span>
     <span class='ocr_line' id='line_1_8' title="bbox 474 1264 3102 1365; baseline -0.005 -20"><span class='ocrx_word' id='word_1_74' title='bbox 474 1268 598 1359; x_wconf 77' lang='lat' dir='ltr'>Q,</span> <span class='ocrx_word' id='word_1_75' title='bbox 629 1267 723 1357; x_wconf 83' lang='lat' dir='ltr'>O,</span> <span class='ocrx_word' id='word_1_76' title='bbox 784 1272 863 1344; x_wconf 73' lang='grc' dir='ltr'>ὅτ</span> <span class='ocrx_word' id='word_1_77' title='bbox 932 1270 1276 1364; x_wconf 81' lang='lat' dir='ltr'>quoniam</span> <span class='ocrx_word' id='word_1_78' title='bbox 1324 1269 1483 1345; x_wconf 82' lang='lat' dir='ltr'>sunt</span> <span class='ocrx_word' id='word_1_79' title='bbox 1539 1266 1882 1365; x_wconf 69' lang='lat' dir='ltr'>parallelae</span> <span class='ocrx_word' id='word_1_80' title='bbox 1949 1264 2071 1363; x_wconf 74' lang='lat' dir='ltr'>ipfi</span> <span class='ocrx_word' id='word_1_81' title='bbox 2116 1265 2248 1341; x_wconf 80' lang='lat' dir='ltr'>AF</span> <span class='ocrx_word' id='word_1_82' title='bbox 2295 1284 2503 1342; x_wconf 78' lang='lat' dir='ltr'>erunt</span> <span class='ocrx_word' id='word_1_83' title='bbox 2548 1264 2889 1363; x_wconf 71' lang='lat' dir='ltr'>parallelae</span> <span class='ocrx_word' id='word_1_84' title='bbox 2934 1285 3102 1336; x_wconf 81' lang='lat' dir='ltr'>con-</span> 
     </span>
     <span class='ocr_line' id='line_1_9' title="bbox 478 1375 3102 1480; baseline -0.003 -23"><span class='ocrx_word' id='word_1_85' title='bbox 478 1379 776 1475; x_wconf 80' lang='lat' dir='ltr'>tingenti</span> <span class='ocrx_word' id='word_1_86' title='bbox 838 1379 977 1456; x_wconf 87' lang='lat' dir='ltr'>VX</span> <span class='ocrx_word' id='word_1_87' title='bbox 1037 1391 1191 1480; x_wconf 89' lang='lat' dir='ltr'>(per</span> <span class='ocrx_word' id='word_1_88' title='bbox 1254 1383 1360 1459; x_wconf 86' lang='lat'>16.</span> <span class='ocrx_word' id='word_1_89' title='bbox 1427 1386 1572 1471; x_wconf 82' lang='lat'><strong>11,)</strong></span> <span class='ocrx_word' id='word_1_90' title='bbox 1631 1399 1713 1455; x_wconf 91' lang='lat' dir='ltr'>ut</span> <span class='ocrx_word' id='word_1_91' title='bbox 1781 1377 1857 1453; x_wconf 73' lang='grc' dir='ltr'>ἃ</span> <span class='ocrx_word' id='word_1_92' title='bbox 1914 1376 2039 1476; x_wconf 75' lang='lat' dir='ltr'>ipsi</span> <span class='ocrx_word' id='word_1_93' title='bbox 2101 1375 2271 1453; x_wconf 88' lang='lat' dir='ltr'>MN</span> <span class='ocrx_word' id='word_1_94' title='bbox 2330 1388 2429 1475; x_wconf 68' lang='lat'>(9.</span> <span class='ocrx_word' id='word_1_95' title='bbox 2491 1380 2638 1469; x_wconf 85' lang='lat'>11.)</span> <span class='ocrx_word' id='word_1_96' title='bbox 2715 1376 2834 1451; x_wconf 90' lang='lat' dir='ltr'>sed</span> <span class='ocrx_word' id='word_1_97' title='bbox 2914 1394 3102 1449; x_wconf 84' lang='lat' dir='ltr'>recta</span> 
     </span>
     <span class='ocr_line' id='line_1_10' title="bbox 474 1487 3101 1589; baseline -0.002 -26"><span class='ocrx_word' id='word_1_98' title='bbox 474 1490 640 1565; x_wconf 90' lang='lat' dir='ltr'>MN</span> <span class='ocrx_word' id='word_1_99' title='bbox 672 1490 997 1571; x_wconf 86' lang='lat' dir='ltr'>bifariam</span> <span class='ocrx_word' id='word_1_100' title='bbox 1036 1495 1298 1571; x_wconf 86' lang='lat' dir='ltr'>secatur</span> <span class='ocrx_word' id='word_1_101' title='bbox 1342 1497 1415 1569; x_wconf 91' lang='lat' dir='ltr'>in</span> <span class='ocrx_word' id='word_1_102' title='bbox 1442 1497 1501 1571; x_wconf 91' lang='lat' dir='ltr'>P</span> <span class='ocrx_word' id='word_1_103' title='bbox 1533 1520 1575 1571; x_wconf 82' lang='lat' dir='ltr'>a</span> <span class='ocrx_word' id='word_1_104' title='bbox 1626 1513 1819 1570; x_wconf 88' lang='lat' dir='ltr'>recta</span> <span class='ocrx_word' id='word_1_105' title='bbox 1846 1491 2204 1589; x_wconf 84' lang='lat' dir='ltr'>jungente</span> <span class='ocrx_word' id='word_1_106' title='bbox 2229 1507 2598 1566; x_wconf 85' lang='lat' dir='ltr'>contactus</span> <span class='ocrx_word' id='word_1_107' title='bbox 2649 1488 2774 1582; x_wconf 76' lang='lat' dir='ltr'>Q</span> <span class='ocrx_word' id='word_1_108' title='bbox 2822 1487 2890 1559; x_wconf 92' lang='grc' dir='ltr'>Ο</span> <span class='ocrx_word' id='word_1_109' title='bbox 2948 1496 3101 1583; x_wconf 90' lang='lat' dir='ltr'>(per</span> 
     </span>
     <span class='ocr_line' id='line_1_11' title="bbox 473 1604 2026 1707; baseline -0.002 -28"><span class='ocrx_word' id='word_1_110' title='bbox 473 1604 681 1703; x_wconf 88' lang='lat' dir='ltr'>Prop.</span> <span class='ocrx_word' id='word_1_111' title='bbox 720 1613 865 1702; x_wconf 82' lang='lat'>14)</span> <span class='ocrx_word' id='word_1_112' title='bbox 927 1614 1005 1685; x_wconf 84' lang='lat'>&amp;</span> <span class='ocrx_word' id='word_1_113' title='bbox 1052 1611 1347 1707; x_wconf 89' lang='lat' dir='ltr'>proinde</span> <span class='ocrx_word' id='word_1_114' title='bbox 1405 1634 1449 1683; x_wconf 90' lang='lat' dir='ltr'>a</span> <span class='ocrx_word' id='word_1_115' title='bbox 1500 1611 1848 1685; x_wconf 85' lang='lat' dir='ltr'>diametro</span> <span class='ocrx_word' id='word_1_116' title='bbox 1876 1605 2026 1680; x_wconf 91' lang='lat' dir='ltr'>LV.</span> 
     </span>
    </p>

    <p class='ocr_par' dir='ltr' id='par_1_3' title="bbox 474 1712 3234 2274">
     <span class='ocr_line' id='line_1_12' title="bbox 571 1712 3103 1818; baseline -0.004 -21"><span class='ocrx_word' id='word_1_117' title='bbox 571 1712 924 1814; x_wconf 85' lang='lat' dir='ltr'>Secundo,</span> <span class='ocrx_word' id='word_1_118' title='bbox 977 1720 1061 1796; x_wconf 86' lang='lat' dir='ltr'>fit</span> <span class='ocrx_word' id='word_1_119' title='bbox 1089 1724 1299 1799; x_wconf 90' lang='lat' dir='ltr'>sectio</span> <span class='ocrx_word' id='word_1_120' title='bbox 1343 1721 1617 1818; x_wconf 80' lang='lat' dir='ltr'>Enipfis</span> <span class='ocrx_word' id='word_1_121' title='bbox 1673 1739 1795 1796; x_wconf 88' lang='lat' dir='ltr'>aut</span> <span class='ocrx_word' id='word_1_122' title='bbox 1824 1716 2266 1815; x_wconf 82' lang='lat' dir='ltr'>Hyperbola,</span> <span class='ocrx_word' id='word_1_123' title='bbox 2321 1720 2395 1791; x_wconf 77' lang='grc' dir='ltr'>ὅτ</span> <span class='ocrx_word' id='word_1_124' title='bbox 2441 1716 2783 1811; x_wconf 85' lang='lat' dir='ltr'>quoniam</span> <span class='ocrx_word' id='word_1_125' title='bbox 2831 1715 3103 1789; x_wconf 88' lang='lat' dir='ltr'>contin-</span> 
     </span>
     <span class='ocr_line' id='line_1_13' title="bbox 475 1804 3234 1937; baseline -0.004 -27"><span class='ocrx_word' id='word_1_126' title='bbox 475 1804 722 1937; x_wconf 79' lang='lat' dir='ltr'>gentes</span> <span class='ocrx_word' id='word_1_127' title='bbox 775 1839 1006 1911; x_wconf 82' lang='lat' dir='ltr'>ductae</span> <span class='ocrx_word' id='word_1_128' title='bbox 1038 1863 1165 1932; x_wconf 90' lang='lat' dir='ltr'>per</span> <span class='ocrx_word' id='word_1_129' title='bbox 1202 1859 1584 1930; x_wconf 88' lang='lat' dir='ltr'>utramque</span> <span class='ocrx_word' id='word_1_130' title='bbox 1633 1834 1977 1911; x_wconf 85' lang='lat' dir='ltr'>verticem</span> <span class='ocrx_word' id='word_1_131' title='bbox 2008 1831 2309 1930; x_wconf 84' lang='lat' dir='ltr'>cujusvis</span> <span class='ocrx_word' id='word_1_132' title='bbox 2347 1833 2670 1907; x_wconf 81' lang='lat' dir='ltr'>diametri</span> <span class='ocrx_word' id='word_1_133' title='bbox 2721 1832 2877 1906; x_wconf 85' lang='lat' dir='ltr'>sunt</span> <span class='ocrx_word' id='word_1_134' title='bbox 2924 1830 3103 1901; x_wconf 84' lang='lat' dir='ltr'>inter</span> <span class='ocrx_word' id='word_1_135' title='bbox 3229 1868 3234 1871; x_wconf 96' lang='lat'>-</span> 
     </span>
     <span class='ocr_line' id='line_1_14' title="bbox 477 1942 3098 2043; baseline -0.001 -28"><span class='ocrx_word' id='word_1_136' title='bbox 477 1946 547 2019; x_wconf 74' lang='lat' dir='ltr'>sc</span> <span class='ocrx_word' id='word_1_137' title='bbox 603 1949 946 2040; x_wconf 67' lang='lat' dir='ltr'>parallelae</span> <span class='ocrx_word' id='word_1_138' title='bbox 1005 1957 1160 2043; x_wconf 87' lang='lat' dir='ltr'>(per</span> <span class='ocrx_word' id='word_1_139' title='bbox 1219 1950 1380 2021; x_wconf 88' lang='lat' dir='ltr'>Cor.</span> <span class='ocrx_word' id='word_1_140' title='bbox 1427 1970 1492 2041; x_wconf 84' lang='lat'>3.</span> <span class='ocrx_word' id='word_1_141' title='bbox 1538 1970 1653 2022; x_wconf 85' lang='lat'>22.</span> <span class='ocrx_word' id='word_1_142' title='bbox 1711 1945 1957 2043; x_wconf 84' lang='lat' dir='ltr'>hujus)</span> <span class='ocrx_word' id='word_1_143' title='bbox 2018 1943 2284 2040; x_wconf 75' lang='lat' dir='ltr'>quaevis</span> <span class='ocrx_word' id='word_1_144' title='bbox 2362 1946 2701 2037; x_wconf 81' lang='lat' dir='ltr'>diameter</span> <span class='ocrx_word' id='word_1_145' title='bbox 2774 1942 3098 2016; x_wconf 85' lang='lat' dir='ltr'>bifariam</span> 
     </span>
     <span class='ocr_line' id='line_1_15' title="bbox 479 2055 3098 2159; baseline -0.002 -28"><span class='ocrx_word' id='word_1_146' title='bbox 479 2058 735 2134; x_wconf 88' lang='lat' dir='ltr'>secabit</span> <span class='ocrx_word' id='word_1_147' title='bbox 778 2084 1029 2135; x_wconf 88' lang='lat' dir='ltr'>omnes</span> <span class='ocrx_word' id='word_1_148' title='bbox 1055 2082 1288 2136; x_wconf 88' lang='lat' dir='ltr'>rectas</span> <span class='ocrx_word' id='word_1_149' title='bbox 1342 2062 1483 2135; x_wconf 89' lang='lat' dir='ltr'>istis</span> <span class='ocrx_word' id='word_1_150' title='bbox 1532 2062 2104 2159; x_wconf 82' lang='lat' dir='ltr'>contingentibus</span> <span class='ocrx_word' id='word_1_151' title='bbox 2133 2060 2521 2155; x_wconf 76' lang='lat' dir='ltr'>parallelaS,</span> <span class='ocrx_word' id='word_1_152' title='bbox 2577 2058 2653 2133; x_wconf 86' lang='lat'>&amp;</span> <span class='ocrx_word' id='word_1_153' title='bbox 2695 2055 2928 2155; x_wconf 87' lang='lat' dir='ltr'>Ellipfi</span> <span class='ocrx_word' id='word_1_154' title='bbox 2984 2056 3098 2130; x_wconf 84' lang='lat' dir='ltr'>vel</span> 
     </span>
     <span class='ocr_line' id='line_1_16' title="bbox 474 2175 2744 2274; baseline 0 -25"><span class='ocrx_word' id='word_1_155' title='bbox 474 2176 810 2251; x_wconf 81' lang='lat' dir='ltr'>alterutra</span> <span class='ocrx_word' id='word_1_156' title='bbox 852 2175 1272 2274; x_wconf 85' lang='lat' dir='ltr'>Hyperbola</span> <span class='ocrx_word' id='word_1_157' title='bbox 1320 2176 1761 2269; x_wconf 76' lang='lat' dir='ltr'>terminataS,</span> <span class='ocrx_word' id='word_1_158' title='bbox 1820 2195 1902 2251; x_wconf 91' lang='lat' dir='ltr'>ut</span> <span class='ocrx_word' id='word_1_159' title='bbox 1957 2175 2227 2252; x_wconf 83' lang='lat' dir='ltr'>constat</span> <span class='ocrx_word' id='word_1_160' title='bbox 2270 2200 2358 2248; x_wconf 83' lang='lat' dir='ltr'>ex</span> <span class='ocrx_word' id='word_1_161' title='bbox 2390 2178 2591 2269; x_wconf 89' lang='lat' dir='ltr'>Prop.</span> <span class='ocrx_word' id='word_1_162' title='bbox 2633 2199 2744 2252; x_wconf 88' lang='lat'>21.</span> 
     </span>
    </p>
   </div>
   <div class='ocr_carea' id='block_1_3' title="bbox 1371 2443 2165 2528">
    <p class='ocr_par' dir='ltr' id='par_1_4' title="bbox 1371 2443 2165 2528">
     <span class='ocr_line' id='line_1_17' title="bbox 1371 2443 2165 2528; baseline -0.004 0"><span class='ocrx_word' id='word_1_163' title='bbox 1371 2447 1792 2528; x_wconf 87' lang='lat' dir='ltr'><strong>PROP.</strong></span> <span class='ocrx_word' id='word_1_164' title='bbox 1915 2443 2165 2525; x_wconf 92' lang='lat' dir='ltr'><strong>XXV.</strong></span> 
     </span>
    </p>
   </div>
   <div class='ocr_carea' id='block_1_4' title="bbox 488 2608 3208 3005">
    <p class='ocr_par' dir='ltr' id='par_1_5' title="bbox 488 2592 3208 3005">
     <span class='ocr_line' id='line_1_18' title="bbox 488 2608 3088 2746; baseline -0 -28"><span class='ocrx_word' id='word_1_165' title='bbox 488 2635 880 2718; x_wconf 88' lang='lat' dir='ltr'>Diameter</span> <span class='ocrx_word' id='word_1_166' title='bbox 911 2616 1233 2717; x_wconf 82' lang='lat' dir='ltr'>fecunda</span> <span class='ocrx_word' id='word_1_167' title='bbox 1269 2634 1456 2717; x_wconf 93' lang='lat' dir='ltr'>MN</span> <span class='ocrx_word' id='word_1_168' title='bbox 1492 2608 1962 2746; x_wconf 80' lang='lat' dir='ltr'>Hyperbolae</span> <span class='ocrx_word' id='word_1_169' title='bbox 1996 2631 2349 2717; x_wconf 88' lang='lat' dir='ltr'>bifariam</span> <span class='ocrx_word' id='word_1_170' title='bbox 2386 2632 2587 2715; x_wconf 86' lang='lat' dir='ltr'>secat</span> <span class='ocrx_word' id='word_1_171' title='bbox 2612 2660 2880 2716; x_wconf 88' lang='lat' dir='ltr'>omnes</span> <span class='ocrx_word' id='word_1_172' title='bbox 2923 2666 3088 2718; x_wconf 89' lang='lat' dir='ltr'>rec-</span> 
     </span>
     <span class='ocr_line' id='line_1_19' title="bbox 502 2760 3208 2910; baseline -0.001 -65"><span class='ocrx_word' id='word_1_173' title='bbox 502 2859 509 2864; x_wconf 31' lang='grc'>,</span> <span class='ocrx_word' id='word_1_174' title='bbox 602 2783 711 2845; x_wconf 84' lang='lat' dir='ltr'>tas</span> <span class='ocrx_word' id='word_1_175' title='bbox 732 2762 1202 2875; x_wconf 85' lang='lat' dir='ltr'>Hyperbolis</span> <span class='ocrx_word' id='word_1_176' title='bbox 1239 2764 1703 2858; x_wconf 57' lang='lat' dir='ltr'>terminatas»,</span> <span class='ocrx_word' id='word_1_177' title='bbox 1729 2765 1809 2845; x_wconf 71' lang='grc' dir='ltr'>δε</span> <span class='ocrx_word' id='word_1_178' title='bbox 1814 2760 2221 2910; x_wconf 36' lang='lat' dir='ltr'>’parallelas</span> <span class='ocrx_word' id='word_1_179' title='bbox 2259 2762 2629 2843; x_wconf 89' lang='lat' dir='ltr'>diametro</span> <span class='ocrx_word' id='word_1_180' title='bbox 2668 2762 3089 2842; x_wconf 85' lang='lat' dir='ltr'>transversae</span> <span class='ocrx_word' id='word_1_181' title='bbox 3203 2801 3208 2808; x_wconf 91' lang='lat'><strong>·</strong></span> 
     </span>
     <span class='ocr_line' id='line_1_20' title="bbox 503 2891 3091 3005; baseline -0.004 -25"><span class='ocrx_word' id='word_1_182' title='bbox 503 2975 512 2980; x_wconf 85' lang='lat'><strong>.</strong></span> <span class='ocrx_word' id='word_1_183' title='bbox 597 2896 750 2975; x_wconf 89' lang='lat' dir='ltr'>LV</span> <span class='ocrx_word' id='word_1_184' title='bbox 794 2894 1151 3005; x_wconf 86' lang='lat' dir='ltr'>jungenti</span> <span class='ocrx_word' id='word_1_185' title='bbox 1207 2913 1595 2978; x_wconf 82' lang='lat' dir='ltr'>contactus</span> <span class='ocrx_word' id='word_1_186' title='bbox 1631 2893 2242 3004; x_wconf 81' lang='lat' dir='ltr'>contingentium</span> <span class='ocrx_word' id='word_1_187' title='bbox 2266 2893 2455 2987; x_wconf 92' lang='lat' dir='ltr'>VX,</span> <span class='ocrx_word' id='word_1_188' title='bbox 2487 2893 2665 2988; x_wconf 94' lang='lat' dir='ltr'>LT,</span> <span class='ocrx_word' id='word_1_189' title='bbox 2738 2914 2911 3000; x_wconf 84' lang='lat' dir='ltr'>quae</span> <span class='ocrx_word' id='word_1_190' title='bbox 2973 2891 3091 2970; x_wconf 89' lang='lat' dir='ltr'>isti</span> 
     </span>
    </p>
   </div>
   <div class='ocr_carea' id='block_1_5' title="bbox 546 3018 3091 3253">
    <p class='ocr_par' dir='ltr' id='par_1_6' title="bbox 546 3018 3091 3253">
     <span class='ocr_line' id='line_1_21' title="bbox 546 3018 3091 3129; baseline -0.002 -23.87"><span class='ocrx_word' id='word_1_191' title='bbox 546 3021 972 3106; x_wconf 84' lang='lat' dir='ltr'>diametro</span> <span class='ocrx_word' id='word_1_192' title='bbox 1008 3023 1381 3106; x_wconf 72' lang='lat' dir='ltr'>secundae</span> <span class='ocrx_word' id='word_1_193' title='bbox 1392 3022 1562 3106; x_wconf 78' lang='lat' dir='ltr'>sunt</span> <span class='ocrx_word' id='word_1_194' title='bbox 1590 3018 1997 3129; x_wconf 68' lang='lat' dir='ltr'>parallelae.</span> <span class='ocrx_word' id='word_1_195' title='bbox 2082 3022 2188 3106; x_wconf 84' lang='lat' dir='ltr'>Et</span> <span class='ocrx_word' id='word_1_196' title='bbox 2236 3038 2525 3114; x_wconf 86' lang='lat' dir='ltr'>contra,</span> <span class='ocrx_word' id='word_1_197' title='bbox 2584 3021 2642 3100; x_wconf 81' lang='lat' dir='ltr'><strong>fi</strong></span> <span class='ocrx_word' id='word_1_198' title='bbox 2678 3039 2880 3100; x_wconf 86' lang='lat' dir='ltr'>recta</span> <span class='ocrx_word' id='word_1_199' title='bbox 2930 3020 3091 3099; x_wconf 90' lang='lat' dir='ltr'>AG</span> 
     </span>
     <span class='ocr_line' id='line_1_22' title="bbox 554 3139 3089 3253; baseline -0.001 -26.956"><span class='ocrx_word' id='word_1_200' title='bbox 554 3144 690 3226; x_wconf 84' lang='lat' dir='ltr'>fit</span> <span class='ocrx_word' id='word_1_201' title='bbox 725 3145 1073 3226; x_wconf 80' lang='lat' dir='ltr'>bifariam</span> <span class='ocrx_word' id='word_1_202' title='bbox 1102 3146 1305 3222; x_wconf 84' lang='lat' dir='ltr'>secta</span> <span class='ocrx_word' id='word_1_203' title='bbox 1341 3173 1391 3221; x_wconf 86' lang='lat' dir='ltr'>a</span> <span class='ocrx_word' id='word_1_204' title='bbox 1412 3146 1796 3221; x_wconf 85' lang='lat' dir='ltr'>diametro</span> <span class='ocrx_word' id='word_1_205' title='bbox 1828 3142 2156 3221; x_wconf 82' lang='lat' dir='ltr'>secunda</span> <span class='ocrx_word' id='word_1_206' title='bbox 2179 3145 2393 3237; x_wconf 89' lang='lat' dir='ltr'>MN,</span> <span class='ocrx_word' id='word_1_207' title='bbox 2417 3146 2558 3225; x_wconf 81' lang='lat' dir='ltr'>erit</span> <span class='ocrx_word' id='word_1_208' title='bbox 2587 3139 2941 3253; x_wconf 71' lang='lat' dir='ltr'>paraiieia</span> <span class='ocrx_word' id='word_1_209' title='bbox 2970 3144 3089 3224; x_wconf 85' lang='lat' dir='ltr'>di-</span> 
     </span>
    </p>
   </div>
   <div class='ocr_carea' id='block_1_6' title="bbox 506 3267 3092 3570">
    <p class='ocr_par' dir='ltr' id='par_1_7' title="bbox 506 3267 3092 3507">
     <span class='ocr_line' id='line_1_23' title="bbox 512 3267 3092 3379; baseline 0.002 -31"><span class='ocrx_word' id='word_1_210' title='bbox 512 3269 549 3314; x_wconf 23' lang='grc' dir='ltr'>ν’</span> <span class='ocrx_word' id='word_1_211' title='bbox 602 3267 911 3351; x_wconf 84' lang='lat' dir='ltr'>ametro</span> <span class='ocrx_word' id='word_1_212' title='bbox 953 3267 1376 3352; x_wconf 87' lang='lat' dir='ltr'>transversae</span> <span class='ocrx_word' id='word_1_213' title='bbox 1414 3269 1563 3348; x_wconf 95' lang='lat' dir='ltr'>LV</span> <span class='ocrx_word' id='word_1_214' title='bbox 1614 3267 1973 3376; x_wconf 77' lang='lat' dir='ltr'>jungenti</span> <span class='ocrx_word' id='word_1_215' title='bbox 2038 3287 2429 3350; x_wconf 86' lang='lat' dir='ltr'>contactus</span> <span class='ocrx_word' id='word_1_216' title='bbox 2473 3270 3092 3379; x_wconf 85' lang='lat' dir='ltr'>contingentium</span> 
     </span>
     <span class='ocr_line' id='line_1_24' title="bbox 506 3393 2785 3570; baseline -0.002 -88"><span class='ocrx_word' id='word_1_217' title='bbox 506 3427 507 3430; x_wconf 61' lang='lat'>‘</span> <span class='ocrx_word' id='word_1_218' title='bbox 602 3397 775 3497; x_wconf 90' lang='lat' dir='ltr'>VX,</span> <span class='ocrx_word' id='word_1_219' title='bbox 814 3402 992 3494; x_wconf 94' lang='lat' dir='ltr'>LT,</span> <span class='ocrx_word' id='word_1_220' title='bbox 1034 3425 1204 3507; x_wconf 84' lang='lat' dir='ltr'>quae</span> <span class='ocrx_word' id='word_1_221' title='bbox 1243 3395 1411 3478; x_wconf 87' lang='lat' dir='ltr'>sunt</span> <span class='ocrx_word' id='word_1_222' title='bbox 1448 3393 1566 3476; x_wconf 91' lang='lat' dir='ltr'>isti</span> <span class='ocrx_word' id='word_1_223' title='bbox 1601 3394 1973 3544; x_wconf 82' lang='lat' dir='ltr'>diametro</span> <span class='ocrx_word' id='word_1_224' title='bbox 2005 3393 2348 3477; x_wconf 85' lang='lat' dir='ltr'>secundae</span> <span class='ocrx_word' id='word_1_225' title='bbox 2386 3395 2785 3570; x_wconf 80' lang='lat' dir='ltr'>parallelae.</span> 
     </span>
    </p>
   </div>
   <div class='ocr_carea' id='block_1_7' title="bbox 443 3561 3276 3946">
    <p class='ocr_par' dir='ltr' id='par_1_8' title="bbox 443 3561 3276 3946">
     <span class='ocr_line' id='line_1_25' title="bbox 443 3561 3276 3719; baseline -0.004 -18"><span class='ocrx_word' id='word_1_226' title='bbox 443 3627 605 3701; x_wconf 83' lang='lat' dir='ltr'>Pars</span> <span class='ocrx_word' id='word_1_227' title='bbox 664 3639 746 3697; x_wconf 53' lang='lat' dir='ltr'>lu</span> <span class='ocrx_word' id='word_1_228' title='bbox 914 3618 1080 3698; x_wconf 88' lang='lat' dir='ltr'>IT</span> <span class='ocrx_word' id='word_1_229' title='bbox 1134 3626 1334 3695; x_wconf 79' lang='lat' dir='ltr'>recta</span> <span class='ocrx_word' id='word_1_230' title='bbox 1378 3609 1529 3696; x_wconf 96' lang='lat' dir='ltr'>AG</span> <span class='ocrx_word' id='word_1_231' title='bbox 1562 3561 1995 3719; x_wconf 79' lang='lat' dir='ltr'>Hyperbolis</span> <span class='ocrx_word' id='word_1_232' title='bbox 2028 3616 2251 3710; x_wconf 87' lang='lat' dir='ltr'>BVA,</span> <span class='ocrx_word' id='word_1_233' title='bbox 2313 3614 2504 3690; x_wconf 73' lang='lat' dir='ltr'><em>an</em></span> <span class='ocrx_word' id='word_1_234' title='bbox 2563 3616 2963 3708; x_wconf 83' lang='lat' dir='ltr'>terminata,</span> <span class='ocrx_word' id='word_1_235' title='bbox 3017 3589 3092 3691; x_wconf 69' lang='grc' dir='ltr'>δὲ</span> <span class='ocrx_word' id='word_1_236' title='bbox 3156 3620 3276 3679; x_wconf 76' lang='lat' dir='ltr'>Fm</span> 
     </span>
     <span class='ocr_line' id='line_1_26' title="bbox 462 3725 3094 3833; baseline -0.004 -22"><span class='ocrx_word' id='word_1_237' title='bbox 462 3769 463 3772; x_wconf 42' lang='lat'>¹</span> <span class='ocrx_word' id='word_1_238' title='bbox 505 3766 517 3774; x_wconf 89' lang='lat'><strong>·</strong></span> <span class='ocrx_word' id='word_1_239' title='bbox 572 3761 573 3766; x_wconf 47' lang='lat'>¹</span> <span class='ocrx_word' id='word_1_240' title='bbox 931 3725 1285 3833; x_wconf 84' lang='lat' dir='ltr'>parallela</span> <span class='ocrx_word' id='word_1_241' title='bbox 1337 3733 1683 3807; x_wconf 82' lang='lat' dir='ltr'>diametro</span> <span class='ocrx_word' id='word_1_242' title='bbox 1729 3726 1859 3804; x_wconf 86' lang='lat' dir='ltr'>LV</span> <span class='ocrx_word' id='word_1_243' title='bbox 1896 3727 2232 3828; x_wconf 82' lang='lat' dir='ltr'>jungenti</span> <span class='ocrx_word' id='word_1_244' title='bbox 2275 3733 2650 3803; x_wconf 55' lang='lat' dir='ltr'>contactu&amp;</span> <span class='ocrx_word' id='word_1_245' title='bbox 2681 3732 3094 3825; x_wconf 76' lang='lat' dir='ltr'>contingen-</span> 
     </span>
     <span class='ocr_line' id='line_1_27' title="bbox 489 3771 3100 3946; baseline -0.005 -18"><span class='ocrx_word' id='word_1_246' title='bbox 489 3853 674 3928; x_wconf 87' lang='lat' dir='ltr'>tium</span> <span class='ocrx_word' id='word_1_247' title='bbox 680 3771 879 3941; x_wconf 86' lang='lat' dir='ltr'>VX,</span> <span class='ocrx_word' id='word_1_248' title='bbox 916 3841 1063 3927; x_wconf 80' lang='lat' dir='ltr'>LT</span> <span class='ocrx_word' id='word_1_249' title='bbox 1118 3871 1279 3946; x_wconf 81' lang='lat' dir='ltr'>quae</span> <span class='ocrx_word' id='word_1_250' title='bbox 1311 3850 1471 3922; x_wconf 88' lang='lat' dir='ltr'>sunt</span> <span class='ocrx_word' id='word_1_251' title='bbox 1514 3844 1643 3944; x_wconf 78' lang='lat' dir='ltr'>ipfi</span> <span class='ocrx_word' id='word_1_252' title='bbox 1665 3842 1835 3921; x_wconf 90' lang='lat' dir='ltr'>MN</span> <span class='ocrx_word' id='word_1_253' title='bbox 1874 3847 2246 3944; x_wconf 71' lang='lat' dir='ltr'>parallelae,</span> <span class='ocrx_word' id='word_1_254' title='bbox 2306 3849 2382 3919; x_wconf 75' lang='grc' dir='ltr'>δε</span> <span class='ocrx_word' id='word_1_255' title='bbox 2413 3863 2738 3918; x_wconf 84' lang='lat' dir='ltr'>occurrat</span> <span class='ocrx_word' id='word_1_256' title='bbox 2785 3845 2924 3942; x_wconf 88' lang='lat' dir='ltr'>ipsa</span> <span class='ocrx_word' id='word_1_257' title='bbox 2959 3843 3100 3916; x_wconf 83' lang='lat' dir='ltr'>AG</span> 
     </span>
    </p>
   </div>
   <div class='ocr_carea' id='block_1_8' title="bbox 490 3959 2628 4074">
    <p class='ocr_par' dir='ltr' id='par_1_9' title="bbox 490 3959 2628 4074">
     <span class='ocr_line' id='line_1_28' title="bbox 490 3959 2628 4074; baseline -0.005 -29"><span class='ocrx_word' id='word_1_258' title='bbox 490 3969 838 4049; x_wconf 82' lang='lat' dir='ltr'>diametro</span> <span class='ocrx_word' id='word_1_259' title='bbox 864 3965 1076 4074; x_wconf 86' lang='grc' dir='ltr'>ΝΜ’</span> <span class='ocrx_word' id='word_1_260' title='bbox 1060 3991 1132 4044; x_wconf 86' lang='lat' dir='ltr'>m</span> <span class='ocrx_word' id='word_1_261' title='bbox 1161 3966 1283 4061; x_wconf 74' lang='lat' dir='ltr'>D,</span> <span class='ocrx_word' id='word_1_262' title='bbox 1342 3968 1418 4045; x_wconf 91' lang='lat' dir='ltr'>in</span> <span class='ocrx_word' id='word_1_263' title='bbox 1451 3963 1587 4043; x_wconf 86' lang='lat' dir='ltr'>hoc</span> <span class='ocrx_word' id='word_1_264' title='bbox 1620 3979 1885 4064; x_wconf 82' lang='lat' dir='ltr'>puncto</span> <span class='ocrx_word' id='word_1_265' title='bbox 1913 3962 2241 4041; x_wconf 85' lang='lat' dir='ltr'>bifariam</span> <span class='ocrx_word' id='word_1_266' title='bbox 2267 3959 2628 4038; x_wconf 88' lang='lat' dir='ltr'>secabitur.</span> 
     </span>
    </p>
   </div>
   <div class='ocr_carea' id='block_1_9' title="bbox 2897 4159 3092 4277">
    <p class='ocr_par' dir='ltr' id='par_1_10' title="bbox 2897 4159 3092 4277">
     <span class='ocr_line' id='line_1_29' title="bbox 2897 4159 3092 4277; baseline -0.021 0"><span class='ocrx_word' id='word_1_267' title='bbox 2897 4159 3092 4277; x_wconf 79' lang='lat' dir='ltr'>Nam</span> 
     </span>
    </p>
   </div>
  </div>
 </body>
</html>
