4196 5352
1107 476 1176 590 7
1190 439 1264 554 6
1528 424 2121 549 SeHiOnum
2175 370 2810 541 Conicaricm
2865 418 3127 537 Lib.
3194 423 3251 539 I
3265 514 3303 539 .

1080 626 1457 713 parallelum
1504 627 1676 723 cujus
1714 631 2097 724 sgmentum
2145 623 2536 714 interceptum
2582 622 2745 692 inter
2800 616 2999 689 latera
3053 618 3360 718 trianguli
3405 617 3582 691 MN
3624 613 3709 692 Β

1097 737 1245 810 ΜΟ
1285 741 1577 836 bffariam
1609 744 1929 831 stcarctur
1979 763 2024 808 a
2051 735 2274 832 reliquo
2306 734 2494 804 latere
2545 728 2710 820 ΝΟ,
2761 747 2828 801 ut
2848 746 3027 822 patet
3080 739 3196 821 (ex
3243 733 3380 807 Cor.
3423 754 3489 826 3.
3521 731 3711 821 Prop.

1097 856 1255 944 40.)
1297 879 1432 925 cum
1481 854 1624 925 haec
1661 855 2010 950 asjmptotos
2055 852 2331 940 trargseat
2357 848 2516 918 inter
2549 862 2790 939 puncta
2826 843 2926 933 N,
2961 843 3048 934 O,
3080 862 3271 919 rectae
3330 844 3512 935 MN,
3562 839 3715 919 ΜΟ

1097 964 1436 1060 contingent
1486 963 1555 1034 in
1578 964 1828 1054 punctis
1878 959 1979 1051 N,
2007 958 2072 1029 Ο
2125 959 2408 1052 opposttas
2453 955 2825 1054 Hyperbolus
2872 974 3042 1027 motu
3082 962 3305 1051 puncti
3330 958 3397 1029 E
3442 961 3719 1053 genitas,

1088 1075 1281 1148 aliter
1327 1077 1667 1171 contingent
1708 1077 1776 1147 in
1818 1073 1947 1162 istis
1982 1073 2227 1165 purusis
2272 1095 2459 1143 unam
2488 1095 2560 1141 ex
2587 1069 2947 1165 Hyperbolis
2976 1074 3240 1169 opposttis
3289 1088 3455 1144 motu
3492 1070 3723 1165 puncti

1101 1187 1170 1259 E
1180 1187 1451 1286 genitis;
1486 1203 1649 1256 recta
1665 1188 1850 1258 ducta
1866 1204 1981 1279 per
2003 1185 2104 1256 M
2119 1184 2629 1280 btfariamfi'cans
2643 1187 2839 1276 ipsam
2867 1181 3007 1253 ΝΟ
3030 1188 3145 1256 erit
3180 1194 3321 1277 (per
3342 1185 3527 1278 Prop.
3561 1183 3715 1271 26.)

1097 1300 1411 1389 diameter,
1460 1297 1543 1373 Εὖ*
1567 1304 1837 1393 occursus
1873 1299 2000 1396 ejus
2016 1323 2154 1371 cum
2193 1303 2513 1395 asymptoto
2537 1297 2660 1370 erit
2692 1316 2962 1370 centrum
2983 1297 3510 1394 Hyperbolamm;
3560 1298 3721 1372 unde

1106 1418 1418 1491 invenitur
1449 1414 1647 1485 altera
1679 1419 2048 1511 asymptotos.
2151 1412 2270 1484 Vel
2288 1415 2359 1508 fi
2403 1430 2571 1484 recta
2611 1412 2840 1486 mobilis
2873 1412 3002 1485 TX
3020 1434 3297 1488 occurrat
3330 1414 3562 1488 duabus
3597 1430 3723 1506 pa·

1107 1530 1335 1605 rallelis
1387 1526 1560 1616 ΜΟ,
1619 1526 1792 1598 ΜΝ
1842 1524 1926 1599 &²
1971 1541 2161 1598 rcctae
2218 1528 2412 1597 cuivis
2460 1525 2611 1600 ΟΝ
2657 1530 2818 1619 ipsas
2851 1531 3118 1618 secanti,
3169 1526 3253 1602 δέ’
3303 1529 3376 1600 in
3424 1531 3562 1620 ipsa
3601 1524 3668 1599 T
3654 1525 3733 1598 X

1088 1646 1396 1739 sumatur
1438 1654 1725 1730 punctum
1770 1636 1857 1725 E,
1905 1638 1997 1707 ita
2026 1653 2096 1709 ut
2130 1639 2505 1734 quadratum
2555 1662 2631 1709 ex
2680 1638 2804 1710 ΕΒ
2814 1644 3126 1736 figmento
3168 1655 3346 1713 rectae
3400 1636 3532 1712 ΤΧ
3563 1640 3725 1712 inter

1101 1771 1396 1849 punctum
1430 1749 1492 1820 E
1532 1746 1616 1824 ἑξ
1642 1766 1869 1820 rectam
1898 1746 2050 1819 ΟΝ
2084 1749 2338 1846 aequale
2358 1751 2454 1844 stt
2484 1750 2830 1848 rectangulo
2855 1750 3050 1823 AED
3103 1770 3361 1827 contento
3388 1750 3749 1850 sgmentis,

1113 1869 1273 1939 inter
1325 1863 1476 1935 idem
1523 1860 1589 1931 E
1626 1857 1711 1934 δέ)
1757 1860 2134 1953 parallelas;
2188 1877 2490 1952 punctum
2540 1861 2608 1932 E
2649 1880 2810 1935 motu
2850 1867 2972 1954 suo
3019 1865 3300 1958 destribet
3355 1858 3725 1963 Hyperbolus

1114 1981 1420 2075 oppositas,
1473 2000 1624 2073 quas
1652 1978 1992 2073 contingent
2028 1974 2358 2068 paralleloe
2390 1978 2455 2051 in
2474 1980 2728 2068 punctis
2761 1976 2850 2071 O,
2886 1978 2987 2054 N.

2089 2214 2510 2295 PROP.
2607 2216 2783 2297 LV.

1134 2406 1210 2486 Si
1299 2431 1342 2481 a
1416 2400 1712 2480 duobus
1774 2399 1961 2480 datis
2028 2398 2331 2507 punctis
2411 2398 2490 2478 in
2563 2398 2956 2502 Parabola,
3044 2403 3519 2512 Hyperbola,
3597 2404 3723 2486 vel

1244 2524 1715 2637 Hyperbolis
1806 2521 2162 2634 oppositis
2243 2521 2725 2606 inflectantur
2808 2528 2903 2606 ad
2967 2529 3302 2632 ‘tertium
3402 2529 3722 2638 quodvis

1245 2672 1626 2765 punctum
1684 2648 1762 2729 in
1837 2650 1971 2730 ista
2022 2648 2413 2744 Parabola,
2495 2650 2615 2731 vel
2681 2649 3036 2732 alterutra
3097 2654 3728 2765 Hyperbolarum

1247 2781 1416 2860 duae
1489 2795 1708 2857 rectae
1789 2794 2271 2857 occurrentes
2351 2794 2570 2857 rectae
2644 2776 3008 2886 positione
3092 2778 3308 2876 datae,
3388 2809 3557 2889 quae
3635 2781 3728 2862 fit

1251 2904 1642 2988 Parabolae
1691 2904 2082 3000 diameter,
2132 2902 2260 3006 ‚vel
2319 2903 2742 3013 asymptoto
2805 2905 3274 3016 Hyperbolae
3325 2906 3678 3017 parallela
3704 2943 3730 3000 3

1243 3034 1645 3144 'segmenta
1687 3029 1996 3139 hujusce
2034 3048 2282 3124 rectae‚
2339 3030 2535 3109 inter
2572 3028 2884 3110 inflexas
2914 3034 2993 3111 ὅτ,
3021 3051 3401 3143 punctum
3438 3034 3515 3113 in
3572 3061 3732 3141 quo

1254 3161 1561 3244 sectioni
1611 3160 1964 3255 occurrit,
2033 3176 2259 3240 erunt
2294 3158 2591 3267 semper
2629 3158 2822 3238 inter
2868 3160 2944 3240 se
2997 3161 3077 3241 in
3112 3160 3382 3243 eadem
3416 3165 3739 3255 ratione,

1250 3287 1692 3480 {bicunque
1720 3286 1800 3367 in
1833 3284 2160 3400 sectione
2211 3283 2409 3400 cadit
2443 3302 2843 3394 punctum,
2888 3284 2985 3364 ad
3050 3286 3265 3393 quod
3331 3306 3552 3371 rectae
3607 3286 3729 3366 in-

1318 3415 1696 3480 ectuntur.

757 3610 915 3671 OEm.
945 3627 1046 3690 49,
1137 3625 1146 3630 ·
1294 3593 1513 3670 INT
1556 3595 1655 3685 N,
1693 3593 1808 3682 M,
1851 3595 1994 3666 duo
2017 3611 2293 3690 puncta
2321 3595 2487 3669 data
2509 3593 2581 3666 in
2615 3587 2977 3677 Parabola,
3001 3583 3441 3684 Hyperbola,
3467 3593 3580 3665 vel
3613 3617 3742 3693 op-

813 3708 928 3770 ·50³
957 3708 1051 3770 5¹·
1329 3704 1560 3804 pofitis
1593 3704 2050 3801 HyperboliS‚
2097 3727 2178 3780 ‘et
2228 3704 2309 3780 fit
2349 3722 2538 3777 recta
2587 3703 2741 3777 TX
2794 3702 3135 3775 diameter
3182 3703 3558 3799 Parabolae,
3626 3705 3743 3779 vel

1139 3821 1466 3916 parallela
1494 3818 1884 3917 asyrnptoto
1901 3812 2354 3919 Hyperbolze,
2416 3839 2786 3891 occurrens
2829 3813 3108 3890 sectioni
3144 3816 3216 3887 in
3266 3837 3534 3913 puncto
3577 3821 3746 3897 dato

1149 3933 1234 4022 E,
1274 3951 1344 4005 et
1370 3957 1410 4005 a
1431 3932 1707 4029 punctis
1729 3929 1827 4023 N,
1857 3929 1970 4023 M,
2026 3932 2468 4004 inflectantur
2503 3927 2592 4000 ad
2625 3927 2925 4024 quodvis
2979 3944 3327 4023 punctum
3366 3931 3441 4007 O
3472 3930 3541 4003 in
3603 3929 3747 4024 ipsa

1139 4043 1509 4140 Parabola,
1540 4045 1654 4121 vel
1674 4045 1747 4121 in
1771 4042 2103 4120 alterutra
2147 4038 2725 4143 Hyperbolatum
2766 4038 2927 4148 duae
2982 4035 3185 4140 rec'tae
3228 4039 3399 4135 NG,
3430 4037 3597 4111 ΜΟ
3628 4066 3748 4114 oe-

3382 4171 3750 4237 currentes
