4196 5352
2267 442 2528 556 [vi]

1570 722 3218 875 LIBERsEcfiNDUa

1088 1036 1239 1190 P
1255 1031 1340 1109 A
1356 1031 1426 1107 R
1444 1025 1535 1108 A
1550 1033 1656 1109 M
1660 1032 1730 1109 E
1744 1030 1824 1112 ‘1‘
1823 1036 1893 1112 R
1911 1033 1962 1110 I
2021 1024 2521 1108 diametrorum
2580 1024 2964 1134 fictionum
3023 1018 3448 1127 definiuntur
3485 1057 3509 1114 3
3588 1018 3673 1098 &⁸

1290 1152 1656 1260 ostenditur
1684 1155 1925 1264 quibus
1959 1154 2383 1261 rectangulis
2413 1169 2786 1261 aequantur
2813 1148 3165 1259 quadrata
3184 1176 3270 1228 ex
3294 1146 3499 1226 rectis
3521 1172 3676 1255 quae

1080 1278 1417 1358 diametro
1442 1277 1772 1386 sectionis
1807 1276 2187 1361 ordinatim
2221 1278 2691 1388 applicantur.
2807 1274 3278 1365 Inveniuntur
3314 1302 3477 1353 axes
3511 1274 3674 1354 Sec·

1085 1404 1384 1501 tionum3
1448 1407 1533 1483 ὅ
1592 1435 1755 1485 axes
1789 1404 2110 1514 Elltpſs’os
2145 1405 2232 1485 &³
2270 1403 2678 1514 Hyperbolae
2701 1430 2856 1483 cum
2902 1401 3063 1481 aliis
3089 1399 3450 1481 diametris
3496 1428 3676 1480 com-

1068 1547 1461 1638 parantur.
1574 1532 2044 1644 Definiuntur
2106 1533 2262 1632 soci-
2333 1533 2420 1613 &³
2494 1530 2893 1613 directrices
2934 1528 3370 1639 fictionum3
3441 1526 3680 1606 deinde

1075 1656 1323 1761 agitur
1373 1656 1453 1737 de
1486 1658 1756 1738 ratione
1809 1689 2016 1768 quam
2040 1659 2122 1739 in
2159 1658 2341 1740 omni
2372 1657 2675 1766 sectione
2729 1676 2926 1736 recta
2984 1685 3031 1735 a
3059 1673 3314 1767 puncto
3347 1651 3677 1763 fictionis

1083 1779 1187 1859 ad
1183 1782 1432 1885 focum
1467 1782 1702 1878 ducta,
1741 1782 1943 1863 habet
1978 1782 2079 1863 ad
2091 1781 2732 1892 perpendicularem
2756 1782 2847 1861 ab
2881 1778 3096 1861 eodem
3122 1798 3377 1890 puncto
3403 1778 3685 1861 ductam

1075 1904 1178 1983 ad
1230 1905 1693 2002 directricem,
1752 1909 1838 1987 ἐξ
1909 1908 2276 2009 ostenditur
2347 1909 2424 1987 in
2489 1906 2853 1987 Parabola
2915 1907 3093 1984 hanc
3155 1907 3271 2015 effi
3334 1908 3677 1987 rationem

1071 2032 1545 2138 aequalitati53
1583 2031 1949 2139 ostenditur
1974 2062 2141 2111 vero
2174 2049 2464 2127 rectam,
2504 2061 2553 2109 a
2566 2047 2824 2137 puncto
2861 2028 3272 2138 Hyperbolae
3298 2030 3402 2109 ad
3420 2032 3678 2139 jocum

1072 2153 1353 2235 ductam
1424 2156 1747 2264 aequalem
1775 2154 1890 2265 ‘ff'
1946 2171 2185 2252 rectae,
2234 2155 2338 2235 ad
2380 2152 2817 2231 directricem
2843 2152 3095 2247 ductae,
3125 2150 3487 2262 qſjtmptoto
3525 2174 3675 2263 pa-

1075 2278 1361 2362 rallelae.
1472 2278 1839 2359 Probatur
1901 2278 1978 2357 in
2037 2278 2287 2388 Ellipfi
2327 2274 2703 2386 stammam,
2763 2276 2848 2354 &
2914 2276 2993 2354 in
3064 2276 3456 2383 Hyperbola
3521 2278 3675 2388 dif-

1046 2403 1475 2508 jeremiam,
1534 2420 1915 2497 rectarum,
1981 2431 2137 2511 quae
2188 2432 2237 2482 a
2272 2417 2530 2511 puncto
2557 2399 2886 2509 fictionis
2920 2399 3024 2479 ad
3052 2399 3261 2502 socos
3295 2401 3669 2503 ducuntur,

1079 2529 1403 2636 aequalem
1439 2526 1555 2638 ‘ff'
1606 2528 1736 2608 axi
1784 2527 2200 2636 trarffivetso.
2315 2524 2719 2633 Ostenditur
2771 2524 2951 2636 quod
2994 2542 3188 2605 recta
3241 2528 3674 2654 Parabolam

1076 2654 1464 2762 contingens
1523 2652 1807 2762 aequales
1862 2652 2150 2761 ,angulos
2207 2648 2703 2759 comprehendit
2764 2680 2919 2731 cum
2980 2667 3175 2730 recta
3243 2683 3293 2732 a
3353 2674 3671 2739 contactu

1073 2776 1176 2855 ad
1173 2779 1424 2883 focum
1470 2773 1681 2855 ducta
1715 2775 1802 2855 &⁸
1838 2772 2407 2884 perpendiculari
2442 2772 2544 2853 ad
2585 2771 3074 2870 directricem3
3124 2777 3211 2855 &³
3256 2778 3439 2886 quod
3473 2798 3673 2861 recta

1078 2900 1386 3009 Elliplim
1439 2917 1567 2978 aut
1605 2894 2067 3010 Hyperbolam
2116 2899 2505 3006 contingens
2533 2898 2818 3008 aequales
2861 2899 3140 3006 angulos
3175 2903 3674 3009 comprehendit

1058 3053 1227 3104 *cum
1279 3022 1487 3101 rectis
1560 3051 1608 3101 a
1682 3038 1999 3102 contactu
2066 3021 2170 3102 ad
2197 3028 2398 3131 socos
2468 3022 2716 3104 ductis.
2830 3020 3226 3104 Tractatur
3296 3024 3536 3109 deinde
3593 3029 3676 3110 de

1075 3148 1310 3226 variis
1356 3148 1565 3227 rectis
1612 3164 1751 3255 per
1777 3148 1980 3252 socos
2002 3146 2385 3257 fictionum
2446 3147 2955 3256 trarfiuntibus
2993 3153 3080 3231 &
3118 3151 3200 3246 de
3249 3156 3672 3263 rectangulis

1061 3274 1399 3353 contentis
1434 3273 1742 3380 ipsarum
1751 3271 2148 3380 segmentis.
2262 3273 2684 3352 ‘Traduntur
2720 3272 3008 3352 methodi
3031 3363 3038 3368 ‚
3062 3275 3481 3378 describendi
3503 3285 3669 3383 stc-

1076 3398 1286 3479 tiones
1342 3399 1605 3479 conicas
1660 3398 1737 3476 in
1792 3396 2006 3504 plano
2064 3415 2178 3507 ope
2233 3388 2856 3496 instrumentorum.
2972 3397 3106 3478 Ad
3138 3402 3366 3506 finem
3403 3402 3670 3517 hujusce

1062 3513 1251 3592 -libri
1294 3509 1685 3614 ostenditur,
1753 3509 1932 3622 quod
1969 3511 2049 3620 fi
2072 3511 2291 3622 sectio
2342 3513 2449 3625 sit
2503 3514 2582 3595 in
2619 3513 2987 3629 stepefficie
3058 3518 3208 3597 coni
3276 3523 3481 3618 recti,
3548 3525 3667 3606 in-

1081 3638 1322 3719 veniri
1369 3635 1577 3746 potest
1609 3635 1863 3716 circuli
1917 3637 2494 3745 circumferentia
2532 3641 2609 3720 in
2633 3641 2860 3724 eadem
2894 3639 3267 3753 steperficie
3301 3648 3411 3728 ita
3447 3652 3669 3759 posita

1084 3781 1164 3844 ut
1235 3763 1413 3842 latus
1474 3759 1626 3843 coni
1680 3760 1870 3840 inter
1928 3760 2144 3872 ipsam
2193 3761 2278 3853 ὅ
2333 3765 2617 3875 quodvis
2675 3770 2752 3868 in
2819 3770 3109 3873 sectione
3155 3791 3494 3882 punctum
3546 3780 3665 3858 in-

1084 3905 1483 3998 terceptum,
1549 3885 1804 3996 aequale
1820 3885 1928 3997 stt
1983 3904 2198 3972 rectae
2249 3887 2347 3969 ab
2394 3889 2617 3975 eodem
2638 3911 2898 3999 puncto
2943 3893 3052 3973 ad
3065 3894 3314 3996 jocum
3354 3899 3666 4004 sectionis

1070 4013 1365 4108 ,ἅπαις
1413 4009 1493 4100 &³
1529 4010 1704 4119 quod
1734 4011 2114 4120 interfectio
2154 4013 2365 4122 plani
2398 4015 2587 4113 istius
2634 4007 2886 4101 circuli
2919 4047 3071 4100 cum
3088 4031 3307 4128 plano
3346 4025 3667 4120 sectionis

1088 4137 1231 4220 erit
1261 4137 1456 4246 tpstus
1488 4133 1861 4220 directrix.
2698 4146 2706 4152 ’

3122 4257 3192 4334 L
3248 4256 3286 4334 1
3341 4256 3405 4334 B
3463 4258 3532 4337 E
3588 4260 3667 4340 R
