4196 5352
1343 417 1545 532 De
1599 411 2193 532 Parabola.
2818 460 2870 536 1
2898 460 2960 572 3
2982 457 3046 576 5

439 640 613 714 quas
661 616 815 692 sunt
845 614 903 684 B
945 630 1015 688 et
1047 612 1111 686 A
1163 612 1329 708 quia
1365 610 1441 682 D
1475 612 1571 682 est
1603 630 1799 684 extra
1849 610 2300 702 Parabolam)
2350 632 2516 704 ergo
2566 608 2900 682 Parabola
2934 640 3048 684 oc-

437 734 650 806 currit
711 748 911 802 rectae
963 728 1093 798 DB
1146 728 1216 798 in
1273 742 1535 820 puncto
1579 728 1673 796 A.
1777 724 2135 812 Quoniam
2183 724 2626 818 segmentum
2680 726 2812 794 DE
2872 726 3048 796 sumi

433 844 655 940 potest
689 846 757 916 in
787 860 972 914 recta
998 836 1205 912 DGF
1237 838 1321 908 ad
1351 836 1755 908 alterutram
1781 854 2051 930 partem
2080 833 2320 930 puncti
2358 832 2454 922 D,
2501 834 2653 906 duae
2688 834 3044 906 Parabolae

435 958 721 1028 describi
759 954 1029 1050 possunt
1077 976 1231 1046 quae
1261 948 1687 1020 Problemati
1727 946 2161 1020 satisfacient.

549 1074 703 1164 Cas..
749 1096 809 1145 2.
867 1068 1017 1138 Sint
1067 1062 1147 1152 B,
1195 1064 1287 1152 G,
1341 1062 1423 1152 F,
1460 1060 1513 1132 P
1593 1080 1893 1154 quatuor
1935 1080 2197 1156 puncta
2249 1062 2434 1150 data,
2488 1058 2564 1130 <Sc
2614 1060 2744 1134 {int
2772 1062 3040 1154 junctae

433 1186 561 1256 GF
591 1192 663 1258 ὃῑ
701 1182 813 1256 ΒΡ
839 1180 1177 1276 parallelae
1209 1214 1229 1262 ;
1289 1196 1475 1248 recta
1507 1176 1669 1246 MN
1703 1178 1825 1248 has
1873 1176 2233 1270 parallelas
2281 1174 2604 1246 bifariam
2646 1178 2876 1248 secans
2910 1180 3040 1250 erit

431 1300 771 1370 diameter
803 1293 1153 1366 Parabolae
1201 1290 1611 1364 transeuntis
1649 1312 1773 1384 per
1817 1292 1969 1360 haec
2021 1308 2324 1380 quatuor
2358 1308 2620 1386 puncta
2670 1296 2824 1386 (per
2878 1294 3036 1364 Cor.

431 1414 495 1486 6.
547 1438 585 1486 2
599 1432 663 1504 5.
695 1410 813 1482 lib.
855 1412 945 1494 1.)
979 1406 1399 1478 describatur
1431 1404 1639 1498 igitur
1675 1402 2007 1474 Parabola
2043 1426 2168 1498 per
2213 1403 2344 1474 tria
2379 1420 2640 1496 puncta
2690 1404 2770 1492 B,
2820 1404 2914 1492 G,
2954 1404 3034 1492 F,

431 1526 627 1624 eujus
697 1522 1019 1596 diametri
1077 1520 1209 1594 fint
1265 1518 1607 1616 parallelae
1681 1536 1887 1588 rectae
1943 1516 2107 1586 MN
2163 1536 2232 1588 et
2296 1542 2464 1588 cum
2516 1538 2702 1590 recta
2772 1520 2902 1589 BN
2962 1516 3042 1590 fit

431 1640 809 1714 ordinatim
869 1636 1211 1732 applicata
1263 1636 1609 1706 diametro
1653 1628 1929 1724 hujusce
1959 1628 2336 1718 Parabolae,
2390 1648 2460 1700 et
2492 1630 2622 1700 ΡΝ
2652 1632 2932 1724 aequalis
2964 1630 3044 1702 sit

435 1758 555 1852 ipfi
593 1756 745 1846 BN,
799 1752 1111 1826 tranfibit
1157 1752 1301 1822 haec
1353 1746 1689 1820 Paraboia
1749 1768 1871 1840 per
1933 1762 2286 1838 punctum
2344 1742 2418 1816 P.
2522 1742 2718 1814 Patet
2778 1744 2846 1814 in
2910 1746 3044 1816 hoc

425 1874 607 1956 casu,
661 1868 947 1938 unicam
969 1862 1095 1934 esse
1135 1858 1549 1960 positionem
1583 1858 2095 1928 diametrorum
2125 1856 2476 1926 Parabolae
2508 1878 2662 1948 quae
2710 1878 2830 1948 per
2890 1858 3042 1932 haec

431 1995 697 2074 puncta
753 1974 1017 2062 transit,
1079 1992 1149 2044 et
1203 1974 1497 2066 proinde
1561 1970 1845 2042 unicam
1905 1968 2320 2042 Parabolam
2384 1988 2508 2062 per
2574 1968 2722 2038 haec
2780 1990 3040 2064 puncta

437 2092 721 2166 transire
751 2090 953 2188 posse.

527 2290 719 2362 CoR.
771 2284 881 2360 Ex
937 2284 1443 2356 constructione
1515 2286 1719 2380 hujus
1789 2298 1977 2376 patet
2021 2282 2394 2356 methodus
2446 2282 2844 2357 inveniendi
2912 2306 3032 2380 po-

429 2402 749 2474 fitionem
825 2400 1330 2474 diametrorum
1413 2394 1765 2470 Parabolae
1829 2420 1919 2466 ex
1987 2412 2288 2488 quatuor
2372 2396 2650 2490 punctis
2724 2396 2796 2464 in
2896 2396 3032 2490 ipsa

433 2516 631 2588 datis,

1419 2718 1839 2796 PROP.
1951 2712 2047 2791 X.

433 2872 635 2953 Duae
685 2864 1091 2959 Parabolae,
1153 2888 1657 2945 communem
1709 2858 2071 2939 habentes
2139 2883 2366 2935 axem
2402 2858 2482 2935 δε
2534 2858 2856 2939 eandem
2892 2888 3026 2969 pa-

543 3013 967 3075 rametrum
1013 2987 1533 3093 principalem,
1595 2985 1673 3059 in
1710 2983 2097 3061 infinitum
2151 2981 2534 3089 productae
2568 2985 2662 3061 ad
2714 2985 2786 3063 se
2834 2985 3026 3063 invi-

543 3149 719 3199 cem
765 3121 1061 3219 semper
1101 3111 1409 3217 propius
1439 3111 1831 3203 accedunt,
1893 3115 2294 3213 'nunquam
2332 3137 2510 3189 vero
2538 3111 3026 3191 conveniunt.-

425 3303 803 3499 SINT
853 3295 1063 3387 AEF‚
1097 3294 1297 3369 DCB
1353 3297 1505 3369 duae
1535 3297 1887 3371 Parabolae
1921 3321 2382 3369 communem
2440 3297 2776 3369 habentes
2828 3321 3034 3369 axem
3104 3325 3226 3405 Fig.
3282 3349 3364 3385 10,

607 3415 771 3505 ΕΗ,
805 3433 877 3487 et
905 3411 983 3485 fit
1017 3427 1203 3483 recta
1231 3411 1769 3507 PQutriusque
1803 3431 2193 3509 parameter
2225 3409 2622 3507 principalis
2656 3447 2674 3493 ;
2740 3411 3034 3483 ducatur
3184 3406 3187 3407 ⁷

423 3551 613 3605 recta
645 3531 755 3601 axi
807 3525 1191 3599 ordinatim
1227 3525 1571 3619 applicata
1603 3525 1663 3597 ei
1725 3549 2095 3599 occurrens
2135 3527 2205 3595 in
2263 3523 2336 3595 G
2394 3543 2464 3595 et
2514 3523 2866 3597 Parabolae
2916 3549 3035 3597 ex-

429 3643 669 3715 teriori
753 3642 821 3711 in
905 3637 1184 3735 punctis
1255 3639 1349 3727 A,
1417 3637 1475 3707 F
1545 3643 1617 3711 31
1681 3637 1983 3711 interiori
2067 3637 2135 3707 in
2211 3635 2312 3709 D.
2418 3635 2786 3733 Quoniam
2874 3659 3042 3727 qua-

425 3757 711 3829 dratum
767 3778 853 3823 ex
911 3755 1045 3825 AG
1077 3753 1339 3845 aequale
1371 3751 1493 3821 ‘est
1525 3753 1931 3845 rectangulo
1985 3749 2117 3823 GE
2171 3749 2241 3819 in
2304 3747 2483 3839 PQ
2516 3738 3048 3843 &quadratum

421 3891 511 3939 ex
547 3869 691 3939 DG
747 3865 845 3939 est
893 3865 1165 3959 aequale
1221 3865 1626 3959 rectangulo
1661 3863 1789 3935 GC
1841 3865 1909 3933 in
1959 3865 2133 3951 PQ
2161 3863 2290 3933 erit
2340 3861 2734 3933 differentia
2792 3863 3046 3933 horum

423 3983 955 4075 quadratorum.
997 3977 1131 4051 hoc
1163 3977 1261 4049 est
1293 3979 1781 4073 rectangulum
1805 3975 2003 4047 ADF
2049 3985 2143 4067 (5.
2175 3979 2277 4061 2.)
2304 3975 2594 4067 aequale,
2640 3979 3046 4071 rectangulo

427 4097 549 4167 CE
604 4097 675 4169 in
719 4097 896 4185 PQ
931 4117 1119 4189 erg0‚
1177 4093 1271 4163 ob
1331 4093 1579 4165 datum
1629 4091 1755 4163 CE
1797 4091 1867 4161 in
1927 4089 2085 4175 PQ,
2136 4089 2622 4185 rectangulum
2668 4089 2872 4159 ADF
2918 4091 3048 4159 erit

429 4209 701 4307 semper
725 4209 1031 4311 ejusdem
1057 4205 1585 4303 magnitudinis,
1637 4201 1785 4299 quo
1809 4225 1977 4277 vero
2007 4201 2281 4299 longius
2316 4203 2576 4277 recedit
2600 4221 2944 4299 punctum
2970 4199 3046 4271 D

2724 4339 2764 4383 a
2786 4331 3046 4387 vertlce

2940 5172 3179 5233 oiqiuzeu
3205 5172 3266 5233 noy
3287 5103 3778 5269 GOOglC
3909 5120 3990 5175 ‘f
