4196 5352
1071 474 1159 587 4
1542 426 2134 550 SeHio'num
2193 391 2823 552 Co'ni‘carum
2863 435 3120 554 Lib.
3190 438 3285 553 1.

1295 719 1456 793 AM
1504 743 1691 797 recta
1718 723 1864 797 AD
1897 741 2057 795 tum
2082 714 2463 819 superficiei
2497 722 2783 811 conicae‚
2814 741 2970 796 turn
3001 724 3213 821 plano
3238 723 3446 799 ADE
3477 746 3673 796 com-

1343 824 1577 907 mnnis
1622 837 1743 927 est,
1799 860 1970 909 curn
2028 860 2197 909 vero
2244 854 2498 934 praeter
2530 836 2604 910 D
2643 837 2944 931 quodvis
2990 839 3176 911 aliud
3215 856 3561 934 punctum
3597 838 3673 909 in

1074 943 1249 1018 basis
1277 945 1688 1041 peripheria,
1748 966 1918 1043 puta
1962 944 2045 1039 F,
2108 944 2189 1019 stt
2236 966 2433 1020 extra
2458 967 2723 1020 rectam
2747 948 2906 1037 DE,
2969 948 3100 1021 erit
3150 949 3371 1022 etiarn
3419 965 3672 1042 praeter

1071 1058 1218 1133 DA
1247 1059 1516 1156 quaevis
1548 1061 1680 1135 alia
1711 1079 1899 1134 recta
1929 1060 1987 1132 F
1988 1061 2056 1132 A
2092 1061 2166 1133 in
2195 1059 2554 1157 superficie
2605 1060 2871 1147 conica,
2902 1080 3097 1135 extra
3123 1063 3419 1159 planum
3449 1061 3673 1152 ADE,

1073 1172 1264 1247 unde
1292 1172 1513 1268 liquet
1541 1169 1996 1268 propositum.

1173 1382 1361 1454 Con.
1439 1400 1503 1449 1.
1600 1378 1793 1452 Hinc
1840 1383 1917 1453 ὅτ
1946 1404 2033 1454 ex
2065 1379 2276 1459 defin.
2333 1405 2393 1457 1.
2446 1380 2665 1477 liquet
2695 1380 2989 1479 planum
3015 1380 3217 1455 ADE
3245 1381 3672 1478 productum

1056 1493 1505 1593 'superficiem
1536 1491 1926 1588 oppositam
1963 1493 2033 1565 in
2066 1494 2208 1565 AD
2236 1495 2575 1590 producta
2608 1495 3032 1591 contingere.

1168 1613 1357 1684 Con.
1422 1629 1485 1681 2.
1582 1606 1776 1678 Hinc
1821 1609 2035 1680 etiam
2087 1625 2281 1701 patet
2335 1607 2713 1681 methodus
2764 1607 3070 1681 ducendi
3119 1604 3416 1702 planum
3474 1608 3668 1702 quod

1066 1723 1499 1821 superficiem
1532 1723 1852 1807 conicam
1885 1724 1955 1794 in
1986 1724 2150 1795 data
2183 1741 2370 1796 recta
2388 1723 2534 1796 AD
2568 1724 2972 1820 contingat;
3039 1744 3299 1819 nempe
3331 1724 3547 1799 ducta
3596 1725 3668 1795 in

1067 1842 1275 1937 plano
1305 1835 1482 1907 basis
1531 1837 1718 1905 recti
1755 1835 1890 1905 DE
1924 1834 2071 1929 ejus
2120 1838 2586 1930 peripheriam
2636 1837 2707 1907 in
2763 1837 2837 1909 D
2867 1838 3343 1932 contingente,
3375 1856 3672 1934 actoque

1066 1975 1190 2052 per
1220 1949 1390 2037 AD,
1452 1947 1584 2017 DE
1613 1945 1823 2040 plano
1852 1947 2077 2031 ADE,
2129 1946 2261 2017 hoc
2288 1947 2726 2041 superficiem
2754 1948 2824 2018 in
2852 1966 3041 2020 recta
3069 1951 3211 2019 AD
3239 1952 3619 2047 continget.

1191 2064 1393 2134 -Con,
1458 2083 1522 2154 3.
1574 2058 1674 2129 'Si
1722 2057 1991 2152 q'uaevis
2043 2074 2231 2128 recta
2269 2057 2399 2129 ΕΙ)
2434 2058 2872 2151 superficiem
2916 2057 3237 2129 conicarn
3279 2059 3352 2129 in
3404 2081 3670 2153 puncto

1066 2180 1140 2251 D
1170 2175 1551 2269 contingat,
1606 2177 1682 2246 ὅτ
1729 2195 1771 2242 a
1816 2170 2080 2242 vertice
2110 2169 2407 2240 ducatur
2440 2169 2630 2257 AD;
2697 2171 2990 2263 planum
3021 2170 3322 2242 ductum
3349 2191 3475 2266 per
3502 2170 3666 2264 AD,

1046 2276 1231 2379 DE,
1290 2283 1723 2383 superficiem
1778 2281 2156 2377 continget.
2259 2279 2454 2352 Nam
2513 2304 2639 2376 per
2687 2282 3027 2355 verticem
3081 2283 3146 2354 A
3197 2283 3516 2377 ducatur,
3591 2287 3663 2360 in

1066 2405 1277 2502 plano
1308 2398 1535 2487 ADE,
1597 2414 1785 2469 recta
1843 2394 1983 2466 AG
2042 2392 2369 2490 parallela
2412 2390 2533 2490 ipfi
2570 2393 2732 2486 ΕΙ),
2789 2395 2941 2469 haec
2971 2395 3304 2469 omnibus
3334 2396 3666 2473 lateribus

1048 2516 1243 2591 -coni
1282 2515 1353 2587 in
1399 2513 1661 2587 vertice
1712 2510 2050 2597 occurrit:
2115 2533 2283 2606 ergo
2335 2505 2383 2580 fi
2439 2508 2739 2602 quodvis
2788 2510 2978 2584 aliud
3022 2510 3198 2585 latus
3228 2511 3383 2584 coni
3416 2531 3669 2606 praeter

1066 2629 1240 2718 AD,
1290 2626 1460 2702 *effet
1484 2627 1557 2700 in
1589 2625 1798 2723 plano
1817 2622 2043 2714 ADE,
2084 2639 2278 2697 recta
2303 2620 2446 2695 ΕΙ)
2470 2619 2594 2716 ipfi
2624 2621 2769 2696 AG
2792 2623 3142 2719 paranda,
3173 2624 3278 2699 isti
3311 2625 3506 2699 lateri
3539 2647 3663 2699 ne-

1067 2741 1344 2816 cessario
1372 2756 1785 2827 occurreret,
1846 2760 1927 2808 ac
1949 2734 2244 2831 proinde
2266 2734 2399 2806 ΕΙ)
2426 2753 2820 2808 occurreret
2849 2736 3231 2832 superficiei
3284 2738 3547 2811 conicae
3588 2739 3663 2809 in

1068 2853 1346 2929 duobus
1376 2850 1708 2923 lateribus
1762 2866 2006 2925 contra
2052 2844 2506 2944 hypothesin.
2558 2846 2747 2943 Ergo
2790 2847 3084 2945 planum
3114 2848 3349 2939 ADE,
3411 2849 3535 2921 nisi
3591 2850 3663 2920 in

1066 2965 1235 3054 AD,
1293 2959 1674 3056 superficiei
1732 2981 1875 3030 non
1904 2958 2236 3034 occurrit.

1165 3083 1355 3152 Con.
1417 3098 1484 3166 4.
1563 3074 1824 3147 Praeter
1856 3070 2055 3143 ADE
2104 3068 2295 3143 aliud
2351 3069 2645 3169 planum
2674 3069 3058 3148 secundum
3089 3090 3354 3150 rectam
3384 3011 3528 3145 AD
3553 3071 3662 3145 su-

1064 3191 1421 3291 perficiem
1445 3189 1767 3264 conicam
1798 3209 1939 3260 non
1968 3185 2341 3281 contingit.
2440 3186 2636 3260 Nam
2670 3187 3057 3261 interfectio
3087 3187 3234 3282 ejus
3254 3214 3423 3266 cum
3451 3189 3662 3283 plano

1065 3306 1241 3383 bafis
1270 3303 1549 3380 secabit
1578 3298 2041 3398 peripheriam
2101 3297 2268 3396 ejus,
2351 3297 2570 3376 Unde
2606 3303 2681 3372 δι
2707 3299 3000 3392 planum
3033 3300 3258 3393 ipsum
3284 3300 3663 3394 superficiei

1063 3420 1325 3492 conicae
1375 3429 1692 3486 occurret
1742 3407 1815 3481 in
1846 3407 2124 3483 duabus
2154 3407 2356 3481 rectis
2393 3413 2547 3505 (per
2574 3408 2778 3504 Prop.
2839 3411 2936 3497 1.)
2994 3425 3065 3480 et
3113 3430 3282 3504 ergo
3331 3431 3492 3482 eam
3520 3401 3662 3480 non

1069 3533 1450 3626 continget.

1662 3707 2076 3813 PROP.
2167 3731 2310 3810 IV.
2460 3730 2986 3810 PROBL.
3071 3732 3188 3812 I.-

698 3874 833 3934 1⁷¹0·
867 3882 922 3944 5·
944 3861 1006 3924 ⁶·
1052 3873 1222 3962 Per
1256 3873 1544 3954 rectam
1585 3872 1735 3952 AC
1780 3897 1913 3981 per
1944 3871 2118 3952 coni
2153 3869 2516 3949 verticem
2554 3886 2764 3950 extra
2822 3841 3340 3981 snper-fierent
3332 3873 3515 3981 ejus
3526 3889 3649 3950 ut-

1192 4027 1495 4108 cunque
1568 3995 1903 4097 ductam,
1957 3997 2284 4111 planum
2316 3995 2619 4098 ducere,
2674 3999 2883 4110 quod
2922 3995 3430 4126 superficiem
3434 3999 3648 4079 coni-

1054 4145 1061 4152 '
1185 4155 1358 4211 cam
1393 4122 1803 4235 contingat.
3337 4217 3356 4224 ff

3147 4265 3158 4280 ¹
3245 4276 3258 4306 ·-
3331 4281 3336 4290 .
3389 4245 3446 4321 P
3477 4244 3535 4319 E
3569 4245 3640 4319 R
