4196 5352
654 848 790 913 Fxo.
823 856 876 913 8.

651 1083 719 1147 Fi

729 1108 783 1147 o.
819 1108 878 1169 9.

1045 399 1119 510 6
1468 375 2062 505 Seb‘t'ionum
2105 376 2743 499 Conicarum
2795 377 3053 500 Lib.
3096 383 3195 503 Ι,

2014 663 2429 743 PROP.
2507 661 2651 741 VI.

1144 814 1422 899 Omnis
1477 835 1677 897 recta
1712 817 1877 911 EF,
1934 814 2288 925 parallela
2322 813 2555 895 cuivis
2594 828 2813 892 rectae
2845 811 3032 907 AD,
3089 836 3231 923 pet
3259 810 3648 897 verticem·

1036 945 1110 1021 A
1168 945 1437 1039 ductae‚
1525 964 1752 1053 atque
1823 943 2022 1022 intra
2081 940 2506 1053 superficies
2567 939 2863 1021 conicas
2923 939 3245 1036 cadenti,
3319 943 3627 1051 utrique

1027 1071 1445 1182 superficiei
1500 1071 1734 1152 semel
1790 1071 2122 1152 occurrit
2180 1068 2457 1151 alicubi
2501 1068 2580 1148 in
2615 1070 2714 1165 E,
2745 1067 2838 1149 F.
2958 1069 3389 1179 Omnisque
3424 1089 3629 1154 recta

1026 1196 1166 1277 EF
1202 1198 1428 1278 ducta
1459 1225 1595 1307 per
1632 1196 1952 1307 quodvis
1990 1214 2371 1304 punctum
2403 1196 2467 1273 P
2499 1195 2693 1276 intra
2725 1196 3088 1276 utramvis
3119 1195 3626 1306 superficiem,

1023 1342 1098 1402 et
1134 1321 1486 1429 parallela
1535 1320 1769 1401 cuivis
1804 1339 2023 1400 rectae
2057 1321 2222 1401 AD
2260 1347 2396 1429 per
2446 1318 2811 1400 verticem
2862 1319 3111 1401 ductae
3146 1340 3223 1401 et
3259 1340 3474 1401 extra
3499 1321 3629 1401 su·

1024 1446 1369 1558 perficies
1420 1445 1745 1543 cadenti,
1808 1445 2061 1525 eidem
2107 1443 2529 1555 superficiei
2575 1442 2853 1524 alicubi
2909 1447 3242 1530 occurrit
3289 1446 3374 1529 in
3406 1448 3508 1545 E,
3529 1446 3630 1545 F,

1030 1591 1356 1683 punctis.

1196 1759 1254 1831 E
1272 1758 1341 1833 R
1390 1759 1532 1831 AD
1559 1776 1632 1832 et
1660 1776 1927 1833 rectam
1954 1757 2081 1831 EF
2105 1756 2401 1831 transeat
2435 1758 2729 1854 planum
2771 1758 3007 1833 secans
3048 1762 3327 1836 oonims
3353 1760 3639 1860 superfi-

1223 1872 1364 1944 cies
1411 1872 1483 1942 in
1522 1871 1714 1962 BAb,
1767 1872 1964 1957 CAc,
2004 1870 2207 1963 quod
2251 1868 2524 1963 semper
2568 1869 2718 1943 fieri
2766 1871 2949 1965 pofl‘e
2998 1871 3156 1943 fitis
3186 1872 3641 1949 manifestum

1020 1985 1162 2069 est;
1212 2006 1381 2054 cum
1428 1984 1499 2054 in
1542 1982 1752 2076 priori
1798 1980 1958 2054 casu
2004 1980 2149 2051 AD
2196 1978 2386 2052 cadit
2412 1979 2597 2051 intra
2630 1978 2975 2076 angulum
3000 1981 3217 2070 BAC,
3274 2004 3466 2057 recta
3493 1989 3642 2081 EF,

1020 2121 1184 2192 quae
1209 2094 1309 2166 est
1342 2092 1464 2188 ipfi
1488 2094 1632 2167 AD
1658 2092 1986 2190 parallela
2014 2093 2089 2164 ὃτ
2121 2091 2195 2160 in
2223 2090 2477 2161 eodem
2506 2089 2721 2183 plano
2759 2113 2932 2161 cum
2978 2090 3239 2186 angulo
3256 2093 3476 2188 EAG,
3518 2122 3643 2174 ne.

1022 2207 1300 2283 cess‘ario
1346 2207 1680 2279 lateribus
1721 2202 1870 2300 ejus
1897 2204 2058 2292 Ac,
2107 2200 2239 2272 AB
2264 2217 2615 2291 occurret,
2655 2198 2913 2273 scilicet
2945 2199 3065 2296 ipfi
3115 2206 3250 2278 Ac
3301 2206 3374 2281 in
3421 2209 3508 2301 E,
3560 2217 3640 2287 δι

1025 2322 1153 2394 AB
1184 2319 1541 2418 productae
1567 2319 1639 2391 in
1677 2314 2037 2414 superficie
2062 2307 2377 2410 opposita
2403 2311 2478 2384 in
2517 2312 2590 2386 F.
2679 2311 2872 2385 Cum
2906 2331 3148 2389 autem
3177 2319 3252 2390 in
3282 2321 3645 2415 posteriori

1024 2434 1183 2507 casu
1219 2434 1360 2505 AD
1382 2431 1569 2503 cadit
1596 2448 1794 2503 extra
1815 2426 2158 2525 angulum
2185 2426 2403 2518 BAC,
2445 2441 2637 2499 recta
2658 2423 2780 2497 EF
2824 2426 2891 2500 ei
2921 2429 3246 2523 parallela
3271 2432 3486 2509 ducta
3514 2460 3643 2534 per

924 2578 935 2587 ·
1028 2565 1377 2645 punctum
1403 2545 1488 2635 P,
1545 2546 1727 2618 intra
1752 2544 1943 2617 hunc
1969 2539 2339 2638 angulum,
2368 2538 2741 2614 neceffario
2767 2560 3086 2617 occurret
3115 2544 3273 2643 ipfis
3299 2551 3457 2644 AC,
3487 2554 3644 2645 AB,

1028 2659 1284 2760 alicubi
1316 2660 1389 2734 in
1416 2659 1505 2749 E,
1530 2658 1614 2751 F,
1660 2658 1796 2732 hoc
1825 2655 1930 2732 est
1953 2671 2274 2732 occurret
2311 2651 2436 2753 ipfi
2463 2650 2847 2752 superficiei
2886 2655 3069 2733 intra
3095 2684 3318 2759 quam
3344 2665 3644 2751 sumitur

1024 2774 1110 2870 P,
1168 2775 1241 2848 in
1273 2772 1439 2867 E,F
1472 2770 1772 2869 punctis,

1129 2950 1322 3024 Con.
1352 2949 1407 3023 1.
1482 2946 1678 3019 Hinc
1718 2946 1797 3020 δι’
1840 2968 1934 3019 ex
1970 2941 2180 3040 Prop.
2227 2955 2293 3019 2.
2352 2943 2579 3041 liquet
2627 2959 2897 3019 rectam
2952 2944 3214 3024 lineam
3261 2950 3643 3051 superficiei

1031 3068 1297 3140 conicae
1324 3061 1442 3134 vel
1471 3058 1962 3158 superficiebus
1988 3055 2318 3156 oppofitis
2346 3058 2421 3130 in
2450 3059 2675 3132 tribus
2701 3061 2986 3155 punctis
3015 3088 3157 3137 non
3190 3091 3575 3151 occurrere.

1131 3182 1326 3252 Con.
1357 3176 1442 3251 11.
1495 3177 1565 3248 Si
1615 3192 1804 3248 recta
1843 3173 2146 3246 dueatur
2193 3172 2521 3266 parallela
2568 3173 2792 3245 cuivis
2840 3196 3050 3249 rectae
3084 3178 3206 3249 EF
3253 3188 3645 3262 occurrenti

1034 3289 1524 3389 superficiebus
1569 3283 1941 3382 oppofitis;
1996 3283 2143 3380 ipsa
2185 3304 2470 3378 quoque
2501 3298 2820 3356 occurret
2849 3284 3340 3380 superficiebus
3377 3298 3650 3392 opposs

1038 3407 1157 3479 tis.
1252 3402 1451 3475 Nam
1495 3397 1545 3473 fi
1602 3421 1729 3494 per
1767 3396 2113 3470 verticem
2157 3395 2231 3468 A
2261 3396 2560 3468 ducatur
2609 3411 2800 3467 recta
2835 3395 2980 3467 AD
3019 3399 3345 3493 parallela
3376 3405 3496 3501 ipfi
3524 3409 3650 3483 EF

1038 3534 1236 3614 patet
1291 3538 1451 3587 eam
1508 3513 1757 3585 cadere
1816 3511 1999 3583 intra
2046 3506 2440 3605 superficies
2483 3506 2808 3593 conica-‘13
2918 3531 3087 3605 ergo
3140 3514 3410 3608 quaevis
3459 3541 3648 3596 recta

1041 3627 1370 3726 parallela
1411 3645 1620 3699 rectae
1668 3624 1791 3696 EF
1821 3624 1953 3697 erit
1986 3617 2312 3719 parallela
2345 3637 2553 3693 rectae
2581 3642 2709 3717 per
2733 3620 3074 3696 verticem
3100 3623 3333 3702 ductae
3366 3650 3439 3705 et
3466 3633 3649 3711 intra

1043 3738 1438 3838 superficies
1468 3735 1770 3826 cadenti,
1827 3741 1907 3811 ὅτ
1929 3735 2225 3833 proinde
2257 3732 2749 3831 superficiebus
2780 3737 3113 3832 oppofitis
3136 3759 3471 3821 occurret.

1145 3856 1338 3927 Con.
1370 3851 1495 3924 ΙΙΙ.
1544 3850 1733 3922 Cum
1761 3868 1950 3922 recta
1979 3845 2362 3944 EFjungit
2387 3862 2652 3942 puncta
2677 3845 2825 3920 duo
2861 3850 2933 3920 in
2970 3850 3219 3925 aedem
3264 3851 3646 3952 superficie,

1046 3985 1237 4041 recta
1263 3964 1404 4036 AD
1434 3962 1600 4035 huie
1636 3958 1964 4058 parallela
1997 3982 2125 4056 per
2149 3959 2491 4033 verticem
2517 3959 2730 4032 ducta
2754 3960 2958 4034 cadet
2986 3980 3182 4036 extra
3210 3965 3646 4062 superficies;

1051 4104 1219 4153 nam
1250 4073 1694 4150 manifestum
1722 4072 1821 4147 est
1844 4097 2005 4147 eam
2026 4073 2275 4149 cadere
2293 4073 2572 4173 ‘semper
2597 4091 2795 4150 extra
2822 4076 3163 4176 angulum
3182 4077 3397 4172 EAG,
3451 4079 3649 4178 cujus

1052 4194 1386 4270 lateribus
1408 4208 1597 4266 recta
1619 4189 1741 4265 EF
1765 4190 2085 4266 occurrit.

3448 4309 3644 4388 Con.
