4196 5352
1037 449 1129 546 '1
1155 329 1225 583 5Ι
1245 465 1316 545 2
1370 327 1386 356 ⁸
1489 421 2079 546 Sestionum
2135 426 2768 550 Conicarum
2822 432 3079 553 Lib.
3144 438 3368 560 IV.

1047 618 1132 694 fit
1160 621 1455 719 Ellipfis‚
1506 626 1620 700 vel
1651 626 1951 702 cumfit,
1978 627 2397 727 Hyperbola
2445 631 2494 706 fi
2523 650 2842 708 occurrat
2877 637 3228 726 diametro
3259 639 3410 738 ejus
3458 646 3670 718 trans-

1044 735 1254 808 versae
1327 738 1734 831 productae;
1803 743 2141 836 quoniam
2200 745 2332 817 erit
2407 763 2594 819 recta
2644 747 3022 823 ordinatim
3083 752 3438 849 ¹applicata
3467 755 3670 833 —huic

1041 845 1412 939 diametr0,
1465 869 1727 946 puncta
1767 853 1836 926 in
1889 855 2149 948 quibus
2197 857 2479 932 sectioni
2508 879 2826 935 occurret
2882 861 3184 939 inveniri
3217 867 3495 964 poss'unt
3542 898 3668 971 per

1043 953 1209 1027 Cor.
1262 957 1463 1054 Prop.
1524 985 1638 1055 34.
1689 968 1764 1038 ὅτ
1819 988 1860 1060 3
1871 987 1935 1058 5.
1994 967 2114 1040 lib.
2180 990 2239 1042 1.
2308 974 2384 1045 ὅτ
2446 968 2499 1042 fi
2552 994 2871 1047 occurrat
2936 977 3286 1053 diametro
3351 984 3668 1059 secundae

1037 1064 1490 1162 Hyperbolae‚
1542 1091 1803 1169 puncta
1851 1076 1924 1149 in
1977 1079 2239 1171 quibus
2295 1102 2614 1158 occurret
2669 1085 3100 1186 Hyperbolis
3158 1095 3491 1192 oppositis
3553 1102 3663 1195 iri-ff

1036 1178 1260 1250 veniri
1291 1179 1564 1275 poffunt
1585 1206 1709 1279 per
1738 1185 1941 1285 Prop.
1980 1211 2094 1283 32.
2130 1191 2248 1265 lib.
2290 1216 2346 1267 1.
2792 1233 2798 1242 r
3025 1236 3032 1245 ·
3096 1236 3104 1241 ·

1147 1307 1288 1398 Cas
1346 1333 1409 1386 2.
1468 1308 1540 1384 Si
1584 1337 1751 1387 vero
1791 1314 2129 1412 politione
2163 1322 2371 1394 detur
2400 1337 2590 1397 recta
2616 1326 2949 1420 PQnon
2983 1333 3307 1425 parallela
3337 1335 3662 1415 alterutri*

1031 1416 1540 1497 diametrorum
1588 1426 1717 1499 AB
1768 1429 1883 1501 vel
1926 1432 2103 1506 Mm.
2213 1433 2536 1509 Ducatur
2580 1447 2707 1532 'per
2755 1443 3101 1542 verticem
3150 1448 3474 1526 diametri
3529 1450 3659 1527 AB

1033 1552 1223 1607 recta
1269 1536 1416 1610 AT
1463 1538 1658 1613 alteri
1708 1541 2056 1617 diametro
2104 1546 2260 1620 Mm
2299 1550 2648 1644 parallela‚
2702 1555 2858 1628 haec
2887 1559 3264 1640 sectionem
3293 1571 3662 1667 continget
3743 1649 3750 1656 ,

1034 1652 1224 1742 (Cor.
1263 1671 1377 1749 27.
1416 1654 1532 1729 lib.
1575 1659 1670 1744 1.)
1725 1679 1768 1729 a
1794 1675 2039 1732 centro
2082 1659 2790 1745 ducaturrdiameter
2840 1677 2963 1771 ipsi
3012 1681 3194 1775 PQ,
3216 1683 3548 1780 parallela
3577 1692 3666 1764 δε

1026 1788 1396 1842 occurrens
1445 1766 1592 1842 AT
1639 1770 1711 1844 in
1756 1770 1862 1864 H,
1914 1777 1993 1848 ὅτ,
2040 1775 2114 1849 in
2158 1780 2412 1854 eadem
2457 1785 2611 1859 AT
2660 1788 2973 1865 sumatur
2997 1795 3464 1892 segmentum
3518 1803 3656 1878 ΑΚ

1025 1878 1295 1971 (versus
1326 1900 1671 1980 punctum
1707 1885 1795 1980 H¹
1838 1887 1913 1961 in
1951 1886 2394 1990 Hyperbola‚
2444 1900 2535 1972 ad
2572 1919 2804 1997 partes
2855 1924 3097 1982 autem
3145 1919 3526 1991 contrarias
3577 1919 3653 1994 in

848 2065 889 2078 ..
1020 1991 1289 2091 Ellipfi)
1344 1999 1441 2072 ita
1470 2017 1551 2074 ut
1579 2004 2072 2100 rectangulum
2114 2005 2341 2084 KAH
2393 2009 2479 2086 fit
2507 2019 2792 2113 aequale
2838 2025 3184 2117 quadrato
3219 2054 3309 2105 ex
3340 2032 3517 2126 CM,
3569 2040 3654 2112 ὅτ

1004 2104 1353 2207 jungatur
1402 2112 1565 2205 CK,
1615 2136 1823 2191 erunt
1852 2115 2027 2213 CH,
2080 2123 2222 2197 CK
2248 2126 2578 2206 diametri
2609 2133 2997 2234 conjugatae
3040 2142 3241 2238 (Cor.
3281 2141 3488 2246 Prop.
3530 2171 3646 2250 51.

1021 2223 1148 2300 lib.
1190 2229 1285 2323 1.)
1330 2229 1627 2305 ducatur
1658 2256 1827 2330 ergo
1860 2235 1992 2312 ΑΕ
2040 2239 2135 2314 ad
2178 2240 2609 2344 diametrum
2641 2250 2807 2344 CK,
2842 2258 2921 2329 ὅτ,
2952 2253 3076 2354 ipfi
3111 2258 3264 2336 CH
3289 2269 3647 2372 parallela,
3774 2259 3778 2263 ’

1019 2342 1150 2415 erit
1197 2343 1318 2440 ipfi
1376 2347 1507 2421 CK
1556 2351 1937 2430 ordinatim
1965 2356 2337 2455 applicata.
2437 2364 2598 2439 Sint
2649 2366 2864 2465 igitur
2924 2373 3073 2471 ΟΕ,
3111 2378 3259 2476 CF,
3300 2384 3434 2458 CK
3482 2412 3645 2487 pro-

1019 2455 1440 2548 portionales
1498 2466 1571 2532 δι
1635 2466 1777 2536 erit'
1815 2466 1877 2535 F
1928 2487 2176 2546 vertex
2234 2473 2585 2559 diametri,
2654 2503 2817 2567 quae
2871 2486 2941 2551 in
2999 2511 3189 2558 recta
3249 2496 3381 2570 CK
3423 2498 3646 2596 jacet.

1018 2563 1293 2639 Eodem
1342 2568 1557 2641 modo
1613 2568 2067 2648 inveniuntur
2117 2575 2417 2652 vertices
2462 2578 2815 2676 diametri,
2878 2610 3037 2683 quae
3072 2594 3270 2693 jacet
3324 2605 3398 2680 in
3451 2630 3642 2689 recta

1013 2678 1202 2756 CH:
1261 2704 1431 2779 ergo
1481 2679 1598 2756 hie
1655 2684 1846 2761 casus
1905 2687 2264 2764 reducitur
2319 2691 2411 2765 ad
2472 2693 2706 2771 casum
2770 2697 3104 2796 primum.
3215 2713 3288 2788 Si
3343 2740 3512 2795 vero
3564 2726 3640 2798 in

992 2798 1284 2872 ⁴utrovis
1361 2799 1521 2874 casu
1592 2819 1789 2877 rrecta
1849 2806 2034 2902 Po„
2063 2807 2363 2883 transeat
2438 2830 2564 2907 per
2632 2816 2970 2897 verticem
3038 2826 3246 2905 unius
3310 2834 3641 2917 diametri

1020 2911 1432 3011 conjugatae,
1484 2919 1560 2991 ὅτ
1610 2913 1694 2990 fit
1752 2919 2077 3016 parallela
2134 2922 2360 3017 alteri,
2417 2925 2796 3007 sectionem
2841 2940 3230 3041 continget,
3289 2968 3374 3027 ut
3415 2974 3634 3054 patet.

1095 3087 1286 3165 Cor.
1335 3090 1553 3184 Hinc,
1600 3119 1690 3168 ex
1715 3096 1899 3171 datis
1946 3097 2282 3195 pofitione
2311 3104 2390 3177 ὅτ
2422 3107 2914 3203 magnitudine
2958 3118 3236 3201 duabus
3271 3129 3633 3212 diametris

1020 3202 1432 3302 conjugatis,
1483 3221 1674 3303 patet
1719 3211 2101 3288 methodus
2125 3213 2431 3293 ducendi
2459 3238 2738 3302 rectam·
2756 3251 2920 3329 quae
2946 3233 3324 3323 sectionem
3352 3252 3627 3328 contin.

1021 3335 1167 3413 gat,
1211 3316 1289 3394 &
1340 3317 1425 3397 fit
1469 3322 1795 3419 parallela
1847 3345 2052 3405 rectae
2096 3325 2436 3429 politione
2491 3334 2692 3417 datae.
2945 3337 2966 3379 ³
3617 3345 3624 3351 ’
