4196 5352
935 473 1530 595 Seffzbnum
1578 478 2207 596 Conicarum
2264 479 2518 597 Lib.
2567 482 2681 596 II
2692 570 2716 596 .
2909 598 2916 605 ,
2960 488 3031 600 8
3043 525 3117 636 9

520 666 831 743 similiter
890 672 1109 768 posita
1191 671 1309 769 ipfi
1378 674 1525 747 AH
1587 697 1744 768 quae
1803 646 2198 748 continetur
2268 675 2613 748 diametro
2669 673 2796 747 AB
2856 672 3136 771 ejusque
3212 733 3221 741 .

519 784 923 857 Parametro
978 786 1131 858 BH.
1233 788 1523 882 Propter
1577 786 1766 859 hunc
1820 787 2193 879 excessum,
2244 786 2583 879 Apollonius
2633 788 2814 861 hanc
2866 789 3127 861 lineam

522 898 928 995 Hyperbolum
958 901 1367 975 nominavit.

929 1225 932 1228 .
1067 1138 1484 1219 PROP.
1581 1140 1722 1219 VI.
1893 1141 2420 1221 PROBL.
2530 1143 2594 1220 1.

523 1308 725 1393 Data
761 1311 1135 1423 positione
1164 1311 1553 1410 Parabola,
1621 1310 1957 1393 invenire
1994 1341 2220 1394 axem
2261 1317 2466 1423 ejus;
2502 1318 2582 1395 δε
2621 1315 2935 1396 unicum
2973 1308 3116 1391 effe

630 1468 857 1520 axem
890 1440 1304 1520 ostendere.

667 1633 795 1708 IT
837 1633 1177 1708 Parabola
1231 1632 1432 1725 FBL,
1494 1633 1888 1707 inveniatur
1938 1635 2205 1729 quaevis
2254 1634 2597 1709 diameter
2648 1632 2809 1727 VO,
2862 1632 2939 1707 &
2991 1654 3115 1730 per
3184 1644 3405 1724 F10.4.

704 1767 1050 1844 punctum
1081 1748 1156 1819 X
1197 1744 1373 1819 infra
1404 1750 1739 1820 verticem
1776 1744 1921 1840 ejus
1945 1748 2242 1821 ducatur
2279 1768 2465 1822 recta
2500 1748 2620 1845 ipsi
2653 1750 2789 1821 VO
2828 1769 3125 1844 perpen-

509 1858 868 1947 diculariS‚
919 1865 994 1933 ὅτ
1051 1858 1410 1930 Parabolae
1461 1881 1831 1930 occurrens
1886 1860 1956 1929 in
2009 1856 2093 1949 F,
2146 1862 2253 1945 L,
2303 1860 2352 1932 s1
2405 1879 2591 1933 recta
2641 1860 2759 1933 FL
2799 1859 3122 1933 bifariam

510 1972 779 2045 secetur
823 1972 897 2043 in
927 1970 1003 2060 X
1056 1969 1188 2041 erit
1245 1970 1588 2043 diameter
1622 1968 1759 2041 VO
1795 1971 1941 2061 axis
1992 1994 2117 2067 per
2163 1972 2647 2046 definitionem
2698 1997 2812 2051 22.
2856 1973 2973 2047 lib.
3044 1997 3106 2049 ι.

511 2086 648 2158 Sed
687 2083 737 2157 fi
770 2106 935 2174 non,
987 2083 1283 2154 ducatur
1313 2083 1447 2155 alia
1473 2084 1813 2156 diameter
1857 2080 1985 2154 AB
2016 2084 2337 2158 bifariam
2391 2087 2622 2161 secans
2655 2086 2873 2184 ipsam
2900 2083 3020 2158 FL
3052 2088 3124 2159 in

508 2196 595 2288 E,
615 2197 745 2271 erit
769 2196 922 2269 haec
939 2194 1280 2267 diameter
1306 2196 1477 2285 axiS,
1498 2194 1664 2288 quia
1686 2194 2079 2269 ordinatam
2098 2194 2220 2268 FL
2239 2196 2413 2269 secat
2434 2199 2523 2270 ad
2550 2198 2841 2295 angulos
2869 2215 3120 2287 rectori,

507 2334 676 2384 nam
706 2310 833 2383 AB
862 2309 961 2382 est
986 2307 1312 2406 parallela
1335 2308 1453 2402 ipsi
1490 2309 1642 2381 VO.

619 2426 693 2497 Si
750 2446 921 2496 vero
980 2422 1135 2493 duae
1202 2421 1524 2495 diametri
1584 2422 1793 2495 effent
1852 2446 2040 2512 axeS,
2123 2441 2309 2496 recta
2358 2422 2698 2497 Parabolft
2749 2424 3123 2499 terminata

504 2542 581 2612 ὅτ
662 2537 942 2631 utrique
1015 2533 1625 2629 perpendicularis,
1709 2534 1870 2608 esset
1931 2536 2214 2629 utrique
2284 2536 2664 2610 ordinatim
2747 2539 3117 2634 applicata,

503 2650 694 2746 quod
746 2648 846 2724 est
905 2646 1322 2723 absurdum:
1395 2669 1562 2745 ergo
1614 2646 1713 2720 est
1770 2672 1955 2723 unus
2015 2647 2164 2720 axis
2217 2665 2499 2724 tantum
2546 2648 2842 2745 cujusvis
2901 2650 3108 2722 Para-

506 2764 700 2839 bolae.
2775 2763 2869 2862 Q
2899 2762 2977 2839 E.
3010 2764 3100 2836 D.

999 3004 1423 3080 PROP.
1534 3002 1713 3078 VII.
1829 3001 2358 3081 PROBL.
2474 3003 2577 3082 ΙΙ.

505 3153 723 3235 Datis
789 3148 1154 3260 positione
1191 3150 1272 3227 ὅτ,
1323 3146 1846 3253 magnitudine
1898 3148 2189 3233 duabus
2246 3150 2625 3231 diametris
2676 3155 3092 3263 conjugatis

612 3278 980 3389 Ellipseos
1003 3296 1131 3356 aut
1154 3275 1619 3385 Hyperbolae
1633 3313 1657 3370 3
1696 3303 1873 3356 axes
1899 3277 2263 3374 invenire,
2291 3281 2371 3358 &
2397 3279 2586 3360 duos
2614 3295 2910 3360 tantum
2945 3283 3090 3362 effe

618 3435 794 3492 axes
827 3407 907 3487 in
935 3424 1253 3515 utraque
1290 3403 1613 3483 sectione
1648 3402 2064 3484 ostendere.
2612 3395 2623 3402 ’
2954 3395 2955 3398 ¹

652 3595 875 3672 INT
953 3613 1153 3671 rectae
1204 3594 1350 3684 FL,
1397 3593 1568 3683 GH,
1655 3615 1797 3665 non
1878 3592 1999 3666 fibi
2078 3595 2387 3668 invicem
2456 3596 3090 3694 perpendiculares,
3158 3585 3294 3646 ΡΜ·
3343 3605 3398 3664 5.

675 3711 995 3786 diametri
1034 3709 1414 3807 conjugatae
1452 3707 1783 3803 Ellipseos
1834 3725 1954 3780 aut
2003 3708 2455 3806 Hyperbolae,
2512 3717 2586 3784 ὅτ
2634 3717 2957 3783 centrum
2987 3713 3090 3801 C3
3328 3676 3388 3723 ‘³'

493 3851 617 3926 per
643 3826 703 3898 F
726 3826 1062 3898 verticem
1097 3822 1446 3908 diametri,
1489 3843 1650 3913 quae
1683 3820 1754 3893 in
1778 3820 2191 3917 Hyperbola
2220 3821 2316 3894 est
2354 3822 2749 3911 transversa,
2783 3824 3079 3895 ducatur

498 3957 687 4013 recta
710 3935 834 4009 FV
880 3930 998 4028 ipfi
1037 3932 1184 4004 GH
1222 3929 1571 4033 parallela,
1626 3933 1699 4002 ὅτ
1732 3930 1822 4001 ab
1864 3934 2117 4005 eodem
2169 3930 2229 4002 F
2266 3931 2575 4004 sumatur
2619 3931 2690 4004 in
2740 3933 3086 4006 diametro

495 4051 614 4127 FL
635 4054 1080 4149 segmentum
1107 4045 1241 4118 FK
1262 4043 1529 4140 (versus
1547 4059 1870 4114 centrum
1904 4046 1974 4116 in
2000 4044 2431 4138 Hyperbola,
2468 4045 2557 4116 ad
2587 4061 2815 4140 partes
2847 4062 3083 4117 autem

496 4165 869 4239 contrarias
901 4159 970 4230 in
997 4153 1261 4250 Ellipfi)
1315 4159 1410 4229 ita
1434 4173 1516 4227 ut
1561 4155 2045 4249 rectangulum
2092 4154 2213 4227 CF
2214 4156 2279 4228 K
2329 4156 2408 4229 fit
2440 4157 2710 4250 aequale
2742 4154 3083 4247 quadrato

497 4304 587 4356 ex
623 4278 787 4373 CG,
834 4272 911 4350 &
934 4271 1252 4347 bifariam
1279 4269 1457 4345 secta
1490 4267 1623 4343 CK
1655 4270 1724 4343 in
1750 4267 2175 4457 Pffilucatur
2202 4271 2383 4364 PQ
2408 4269 2526 4366 ipfi
2556 4271 2685 4342 KC
2716 4265 3081 4454 pegpfgcilsi-

509 4449 512 4452 ’
3055 4435 3075 4472 ²
