<?xml version="1.0" encoding="UTF-8"?>
<!DOCTYPE html PUBLIC "-//W3C//DTD XHTML 1.0 Transitional//EN"
    "http://www.w3.org/TR/xhtml1/DTD/xhtml1-transitional.dtd">
<html xmlns="http://www.w3.org/1999/xhtml" xml:lang="en" lang="en">
 <head>
  <title>
</title>
<meta http-equiv="Content-Type" content="text/html;charset=utf-8" />
  <meta name='ocr-system' content='tesseract 3.04.00' />
  <meta name='ocr-capabilities' content='ocr_page ocr_carea ocr_par ocr_line ocrx_word'/>
</head>
<body>
  <div class='ocr_page' id='page_1' title='image "./desectionibusco01hamigoog_0234.png"; bbox 0 0 4196 5352; ppageno 0'>
   <div class='ocr_carea' id='block_1_1' title="bbox 1166 408 3389 573">
    <p class='ocr_par' dir='ltr' id='par_1_1' title="bbox 1166 408 3389 573">
     <span class='ocr_line' id='line_1_1' title="bbox 1166 408 3389 573; baseline 0.004 -41"><span class='ocrx_word' id='word_1_1' title='bbox 1166 455 1217 532; x_wconf 86' lang='lat'>1</span> <span class='ocrx_word' id='word_1_2' title='bbox 1242 458 1314 573; x_wconf 91' lang='lat'>9</span> <span class='ocrx_word' id='word_1_3' title='bbox 1330 455 1404 534; x_wconf 90' lang='lat' dir='ltr'>o</span> <span class='ocrx_word' id='word_1_4' title='bbox 1578 408 2169 572; x_wconf 52' lang='lat' dir='ltr'>Sestionum</span> <span class='ocrx_word' id='word_1_5' title='bbox 2230 413 2862 537; x_wconf 84' lang='lat' dir='ltr'>Conicarum</span> <span class='ocrx_word' id='word_1_6' title='bbox 2918 416 3174 538; x_wconf 85' lang='lat' dir='ltr'><em>Lib.</em></span> <span class='ocrx_word' id='word_1_7' title='bbox 3228 422 3389 541; x_wconf 90' lang='lat' dir='ltr'>V.</span> 
     </span>
    </p>
   </div>
   <div class='ocr_carea' id='block_1_2' title="bbox 2072 757 2837 843">
    <p class='ocr_par' dir='ltr' id='par_1_2' title="bbox 2072 757 2837 843">
     <span class='ocr_line' id='line_1_2' title="bbox 2072 757 2837 843; baseline 0.005 -8"><span class='ocrx_word' id='word_1_8' title='bbox 2072 757 2138 835; x_wconf 92' lang='lat' dir='ltr'>P</span> <span class='ocrx_word' id='word_1_9' title='bbox 2173 757 2251 838; x_wconf 92' lang='lat' dir='ltr'>R</span> <span class='ocrx_word' id='word_1_10' title='bbox 2290 758 2365 837; x_wconf 92' lang='lat' dir='ltr'>O</span> <span class='ocrx_word' id='word_1_11' title='bbox 2403 757 2494 836; x_wconf 89' lang='lat' dir='ltr'>P.</span> <span class='ocrx_word' id='word_1_12' title='bbox 2605 759 2837 843; x_wconf 89' lang='lat' dir='ltr'>XIV.</span> 
     </span>
    </p>
   </div>
   <div class='ocr_carea' id='block_1_3' title="bbox 770 939 3747 2064">
    <p class='ocr_par' dir='ltr' id='par_1_3' title="bbox 770 939 3747 1940">
     <span class='ocr_line' id='line_1_3' title="bbox 770 939 3747 1057; baseline 0.003 -34"><span class='ocrx_word' id='word_1_13' title='bbox 770 943 909 1006; x_wconf 74' lang='lat' dir='ltr'>P10·</span> <span class='ocrx_word' id='word_1_14' title='bbox 960 961 1054 1014; x_wconf 80' lang='lat'>2¹·</span> <span class='ocrx_word' id='word_1_15' title='bbox 1160 939 1233 1024; x_wconf 88' lang='lat' dir='ltr'>Si</span> <span class='ocrx_word' id='word_1_16' title='bbox 1268 939 1424 1024; x_wconf 89' lang='lat' dir='ltr'>duo</span> <span class='ocrx_word' id='word_1_17' title='bbox 1459 943 1720 1025; x_wconf 88' lang='lat' dir='ltr'>circuli</span> <span class='ocrx_word' id='word_1_18' title='bbox 1746 943 2193 1054; x_wconf 85' lang='lat' dir='ltr'>contingant</span> <span class='ocrx_word' id='word_1_19' title='bbox 2227 945 2579 1057; x_wconf 87' lang='lat' dir='ltr'>Ellipfim</span> <span class='ocrx_word' id='word_1_20' title='bbox 2614 965 2744 1026; x_wconf 91' lang='lat' dir='ltr'>aut</span> <span class='ocrx_word' id='word_1_21' title='bbox 2792 946 3330 1057; x_wconf 88' lang='lat' dir='ltr'>Hyperbolam</span> <span class='ocrx_word' id='word_1_22' title='bbox 3357 945 3436 1029; x_wconf 92' lang='lat' dir='ltr'>in</span> <span class='ocrx_word' id='word_1_23' title='bbox 3467 948 3747 1031; x_wconf 82' lang='lat' dir='ltr'>eodem&#39;</span> 
     </span>
     <span class='ocr_line' id='line_1_4' title="bbox 942 1038 3742 1192; baseline 0.003 -46"><span class='ocrx_word' id='word_1_24' title='bbox 942 1038 1043 1085; x_wconf 75' lang='lat'>²²‘</span> <span class='ocrx_word' id='word_1_25' title='bbox 1254 1086 1543 1178; x_wconf 89' lang='lat' dir='ltr'>puncto</span> <span class='ocrx_word' id='word_1_26' title='bbox 1581 1072 1660 1150; x_wconf 93' lang='lat' dir='ltr'>T</span> <span class='ocrx_word' id='word_1_27' title='bbox 1718 1073 1799 1151; x_wconf 65' lang='lat' dir='ltr'>&amp;c</span> <span class='ocrx_word' id='word_1_28' title='bbox 1847 1073 2128 1152; x_wconf 87' lang='lat' dir='ltr'>iterum</span> <span class='ocrx_word' id='word_1_29' title='bbox 2164 1073 2608 1182; x_wconf 86' lang='lat' dir='ltr'>contingant</span> <span class='ocrx_word' id='word_1_30' title='bbox 2643 1072 2968 1152; x_wconf 88' lang='lat' dir='ltr'>eandem</span> <span class='ocrx_word' id='word_1_31' title='bbox 3028 1072 3378 1184; x_wconf 88' lang='lat' dir='ltr'>Ellipfirn</span> <span class='ocrx_word' id='word_1_32' title='bbox 3416 1075 3538 1155; x_wconf 90' lang='lat' dir='ltr'>vel</span> <span class='ocrx_word' id='word_1_33' title='bbox 3595 1103 3742 1192; x_wconf 82' lang='lat' dir='ltr'>op-</span> 
     </span>
     <span class='ocr_line' id='line_1_5' title="bbox 1254 1194 3745 1306; baseline 0.002 -33"><span class='ocrx_word' id='word_1_34' title='bbox 1254 1194 1522 1303; x_wconf 88' lang='lat' dir='ltr'>pofitas</span> <span class='ocrx_word' id='word_1_35' title='bbox 1549 1194 2028 1305; x_wconf 87' lang='lat' dir='ltr'>Hyperbolas</span> <span class='ocrx_word' id='word_1_36' title='bbox 2066 1197 2146 1276; x_wconf 91' lang='lat' dir='ltr'>in</span> <span class='ocrx_word' id='word_1_37' title='bbox 2183 1196 2480 1306; x_wconf 89' lang='lat' dir='ltr'>punctis</span> <span class='ocrx_word' id='word_1_38' title='bbox 2521 1198 2623 1290; x_wconf 89' lang='lat' dir='ltr'>R,</span> <span class='ocrx_word' id='word_1_39' title='bbox 2663 1195 2750 1273; x_wconf 95' lang='lat' dir='ltr'>N</span> <span class='ocrx_word' id='word_1_40' title='bbox 2779 1233 2802 1288; x_wconf 77' lang='lat'><em>3</em></span> <span class='ocrx_word' id='word_1_41' title='bbox 2855 1197 3384 1305; x_wconf 87' lang='lat' dir='ltr'>rectangulum</span> <span class='ocrx_word' id='word_1_42' title='bbox 3419 1217 3745 1278; x_wconf 88' lang='lat' dir='ltr'>conten-</span> 
     </span>
     <span class='ocr_line' id='line_1_6' title="bbox 921 1319 3746 1432; baseline 0.001 -31"><span class='ocrx_word' id='word_1_43' title='bbox 921 1363 933 1374; x_wconf 93' lang='lat'><strong>·</strong></span> <span class='ocrx_word' id='word_1_44' title='bbox 1094 1329 1097 1332; x_wconf 61' lang='lat'>‘</span> <span class='ocrx_word' id='word_1_45' title='bbox 1256 1338 1430 1402; x_wconf 89' lang='lat' dir='ltr'>tum</span> <span class='ocrx_word' id='word_1_46' title='bbox 1466 1320 1847 1403; x_wconf 87' lang='lat' dir='ltr'>diametris</span> <span class='ocrx_word' id='word_1_47' title='bbox 1873 1320 2340 1404; x_wconf 88' lang='lat' dir='ltr'>circulorum</span> <span class='ocrx_word' id='word_1_48' title='bbox 2369 1322 2512 1402; x_wconf 87' lang='lat' dir='ltr'>crit</span> <span class='ocrx_word' id='word_1_49' title='bbox 2551 1320 2836 1428; x_wconf 82' lang='lat' dir='ltr'>aequale</span> <span class='ocrx_word' id='word_1_50' title='bbox 2878 1319 3243 1429; x_wconf 89' lang='lat' dir='ltr'>quadrato</span> <span class='ocrx_word' id='word_1_51' title='bbox 3284 1325 3493 1432; x_wconf 92' lang='lat' dir='ltr'>quod</span> <span class='ocrx_word' id='word_1_52' title='bbox 3531 1323 3619 1402; x_wconf 85' lang='lat' dir='ltr'>fit</span> <span class='ocrx_word' id='word_1_53' title='bbox 3642 1351 3746 1404; x_wconf 84' lang='lat' dir='ltr'>ex</span> 
     </span>
     <span class='ocr_line' id='line_1_7' title="bbox 1256 1446 3742 1560; baseline 0.001 -34"><span class='ocrx_word' id='word_1_54' title='bbox 1256 1446 1628 1528; x_wconf 88' lang='lat' dir='ltr'>diametro</span> <span class='ocrx_word' id='word_1_55' title='bbox 1655 1447 1995 1530; x_wconf 85' lang='lat' dir='ltr'>sectionis</span> <span class='ocrx_word' id='word_1_56' title='bbox 2023 1476 2194 1554; x_wconf 86' lang='lat' dir='ltr'>quae</span> <span class='ocrx_word' id='word_1_57' title='bbox 2234 1446 2342 1526; x_wconf 90' lang='lat' dir='ltr'>est</span> <span class='ocrx_word' id='word_1_58' title='bbox 2364 1449 2765 1555; x_wconf 89' lang='lat' dir='ltr'>conjugata</span> <span class='ocrx_word' id='word_1_59' title='bbox 2796 1446 3167 1529; x_wconf 89' lang='lat' dir='ltr'>diametro</span> <span class='ocrx_word' id='word_1_60' title='bbox 3210 1478 3346 1560; x_wconf 90' lang='lat' dir='ltr'>per</span> <span class='ocrx_word' id='word_1_61' title='bbox 3383 1451 3465 1528; x_wconf 93' lang='lat' dir='ltr'>T</span> <span class='ocrx_word' id='word_1_62' title='bbox 3493 1476 3742 1559; x_wconf 87' lang='lat' dir='ltr'>punc-</span> 
     </span>
     <span class='ocr_line' id='line_1_8' title="bbox 1237 1561 3747 1683; baseline 0.001 -30"><span class='ocrx_word' id='word_1_63' title='bbox 1237 1568 1421 1654; x_wconf 75' lang='lat' dir='ltr'>&#39;tum</span> <span class='ocrx_word' id='word_1_64' title='bbox 1435 1591 1821 1654; x_wconf 84' lang='lat' dir='ltr'>contactus</span> <span class='ocrx_word' id='word_1_65' title='bbox 1856 1561 2289 1666; x_wconf 79' lang='lat' dir='ltr'>transeunti.</span> <span class='ocrx_word' id='word_1_66' title='bbox 2318 1573 2422 1653; x_wconf 93' lang='lat' dir='ltr'>Et</span> <span class='ocrx_word' id='word_1_67' title='bbox 2458 1571 2514 1652; x_wconf 91' lang='lat' dir='ltr'><strong>fi</strong></span> <span class='ocrx_word' id='word_1_68' title='bbox 2539 1570 2862 1654; x_wconf 84' lang='lat' dir='ltr'>circulus</span> <span class='ocrx_word' id='word_1_69' title='bbox 2886 1573 3275 1683; x_wconf 88' lang='lat' dir='ltr'>contingat</span> <span class='ocrx_word' id='word_1_70' title='bbox 3299 1573 3747 1672; x_wconf 74' lang='lat' dir='ltr'>parabolam</span> 
     </span>
     <span class='ocr_line' id='line_1_9' title="bbox 1252 1695 3744 1808; baseline 0.001 -31"><span class='ocrx_word' id='word_1_71' title='bbox 1252 1697 1332 1777; x_wconf 92' lang='lat' dir='ltr'>in</span> <span class='ocrx_word' id='word_1_72' title='bbox 1364 1695 1662 1779; x_wconf 87' lang='lat' dir='ltr'>duobus</span> <span class='ocrx_word' id='word_1_73' title='bbox 1702 1696 2028 1808; x_wconf 72' lang='lat' dir='ltr'>punctiS,</span> <span class='ocrx_word' id='word_1_74' title='bbox 2055 1697 2513 1804; x_wconf 88' lang='lat' dir='ltr'>quadratum</span> <span class='ocrx_word' id='word_1_75' title='bbox 2551 1724 2649 1780; x_wconf 86' lang='lat' dir='ltr'>ex</span> <span class='ocrx_word' id='word_1_76' title='bbox 2686 1700 2849 1807; x_wconf 86' lang='lat' dir='ltr'>ejus</span> <span class='ocrx_word' id='word_1_77' title='bbox 2876 1700 3249 1780; x_wconf 87' lang='lat' dir='ltr'>diametro</span> <span class='ocrx_word' id='word_1_78' title='bbox 3281 1700 3421 1779; x_wconf 87' lang='lat' dir='ltr'>erit</span> <span class='ocrx_word' id='word_1_79' title='bbox 3451 1699 3744 1808; x_wconf 86' lang='lat' dir='ltr'>aequale</span> 
     </span>
     <span class='ocr_line' id='line_1_10' title="bbox 1252 1825 3740 1940; baseline 0.001 -34"><span class='ocrx_word' id='word_1_80' title='bbox 1252 1825 1697 1934; x_wconf 87' lang='lat' dir='ltr'>rectangulo</span> <span class='ocrx_word' id='word_1_81' title='bbox 1741 1840 2104 1904; x_wconf 87' lang='lat' dir='ltr'>contento</span> <span class='ocrx_word' id='word_1_82' title='bbox 2141 1845 2570 1934; x_wconf 88' lang='lat' dir='ltr'>parametro</span> <span class='ocrx_word' id='word_1_83' title='bbox 2618 1825 2778 1909; x_wconf 84' lang='lat' dir='ltr'>axis</span> <span class='ocrx_word' id='word_1_84' title='bbox 2813 1829 2894 1909; x_wconf 62' lang='lat' dir='ltr'>fic</span> <span class='ocrx_word' id='word_1_85' title='bbox 2928 1844 3362 1940; x_wconf 85' lang='lat' dir='ltr'>paramctro</span> <span class='ocrx_word' id='word_1_86' title='bbox 3388 1825 3740 1910; x_wconf 82' lang='lat' dir='ltr'>diametri</span> 
     </span>
    </p>

    <p class='ocr_par' dir='ltr' id='par_1_4' title="bbox 1251 1943 3026 2064">
     <span class='ocr_line' id='line_1_11' title="bbox 1251 1943 3026 2064; baseline 0.003 -31"><span class='ocrx_word' id='word_1_87' title='bbox 1251 1981 1389 2064; x_wconf 87' lang='lat' dir='ltr'>per</span> <span class='ocrx_word' id='word_1_88' title='bbox 1415 1969 1790 2064; x_wconf 83' lang='lat' dir='ltr'>punctum</span> <span class='ocrx_word' id='word_1_89' title='bbox 1809 1943 2202 2036; x_wconf 83' lang='lat' dir='ltr'>contactus</span> <span class='ocrx_word' id='word_1_90' title='bbox 2230 1954 2703 2037; x_wconf 81' lang='lat' dir='ltr'>transeuntis·</span> <span class='ocrx_word' id='word_1_91' title='bbox 3021 1977 3026 1981; x_wconf 77' lang='grc'><strong><em>’</em></strong></span> 
     </span>
    </p>
   </div>
   <div class='ocr_carea' id='block_1_4' title="bbox 1118 2139 3774 4186">
    <p class='ocr_par' dir='ltr' id='par_1_5' title="bbox 1118 2139 3774 4186">
     <span class='ocr_line' id='line_1_12' title="bbox 1129 2139 3744 2243; baseline 0 -24"><span class='ocrx_word' id='word_1_92' title='bbox 1129 2144 1296 2219; x_wconf 81' lang='lat' dir='ltr'>Pars</span> <span class='ocrx_word' id='word_1_93' title='bbox 1331 2168 1394 2220; x_wconf 89' lang='lat'>1.</span> <span class='ocrx_word' id='word_1_94' title='bbox 1592 2142 1810 2219; x_wconf 89' lang='lat' dir='ltr'>INT</span> <span class='ocrx_word' id='word_1_95' title='bbox 1864 2141 2200 2240; x_wconf 90' lang='lat' dir='ltr'>Ellipseos</span> <span class='ocrx_word' id='word_1_96' title='bbox 2260 2163 2382 2220; x_wconf 89' lang='lat' dir='ltr'>aut</span> <span class='ocrx_word' id='word_1_97' title='bbox 2433 2144 3015 2243; x_wconf 85' lang='lat' dir='ltr'>Hyperbolarum</span> <span class='ocrx_word' id='word_1_98' title='bbox 3062 2167 3228 2219; x_wconf 83' lang='lat' dir='ltr'>axes</span> <span class='ocrx_word' id='word_1_99' title='bbox 3281 2139 3431 2233; x_wconf 82' lang='lat' dir='ltr'>AB,</span> <span class='ocrx_word' id='word_1_100' title='bbox 3482 2142 3636 2217; x_wconf 91' lang='lat' dir='ltr'>Mm</span> <span class='ocrx_word' id='word_1_101' title='bbox 3665 2144 3744 2220; x_wconf 76' lang='grc' dir='ltr'>δε</span> 
     </span>
     <span class='ocr_line' id='line_1_13' title="bbox 1612 2258 3744 2358; baseline -0.001 -26"><span class='ocrx_word' id='word_1_102' title='bbox 1612 2277 1965 2333; x_wconf 84' lang='lat' dir='ltr'>centrum·</span> <span class='ocrx_word' id='word_1_103' title='bbox 1994 2261 2081 2350; x_wconf 90' lang='lat' dir='ltr'>C,</span> <span class='ocrx_word' id='word_1_104' title='bbox 2115 2280 2320 2333; x_wconf 83' lang='lat' dir='ltr'>rectae</span> <span class='ocrx_word' id='word_1_105' title='bbox 2369 2260 2536 2352; x_wconf 90' lang='lat' dir='ltr'>TR,</span> <span class='ocrx_word' id='word_1_106' title='bbox 2564 2259 2714 2334; x_wconf 90' lang='lat' dir='ltr'>TN</span> <span class='ocrx_word' id='word_1_107' title='bbox 2750 2258 3139 2358; x_wconf 86' lang='lat' dir='ltr'>jungentes</span> <span class='ocrx_word' id='word_1_108' title='bbox 3181 2274 3445 2356; x_wconf 91' lang='lat' dir='ltr'>puncta</span> <span class='ocrx_word' id='word_1_109' title='bbox 3461 2271 3744 2333; x_wconf 83' lang='lat' dir='ltr'>contac-</span> 
     </span>
     <span class='ocr_line' id='line_1_14' title="bbox 1127 2365 3746 2471; baseline -0.001 -26"><span class='ocrx_word' id='word_1_110' title='bbox 1127 2389 1243 2445; x_wconf 88' lang='lat' dir='ltr'>tus</span> <span class='ocrx_word' id='word_1_111' title='bbox 1272 2387 1478 2443; x_wconf 88' lang='lat' dir='ltr'>erunt</span> <span class='ocrx_word' id='word_1_112' title='bbox 1518 2372 1767 2444; x_wconf 85' lang='lat' dir='ltr'>axibus</span> <span class='ocrx_word' id='word_1_113' title='bbox 1800 2371 2408 2468; x_wconf 83' lang='lat' dir='ltr'>perpendiculares</span> <span class='ocrx_word' id='word_1_114' title='bbox 2440 2395 2567 2471; x_wconf 90' lang='lat' dir='ltr'>per</span> <span class='ocrx_word' id='word_1_115' title='bbox 2591 2390 2748 2468; x_wconf 90' lang='lat' dir='ltr'>part</span> <span class='ocrx_word' id='word_1_116' title='bbox 2784 2396 2843 2447; x_wconf 90' lang='lat'>1.</span> <span class='ocrx_word' id='word_1_117' title='bbox 2878 2371 3086 2467; x_wconf 91' lang='lat' dir='ltr'>Prop.</span> <span class='ocrx_word' id='word_1_118' title='bbox 3112 2393 3316 2468; x_wconf 86' lang='lat' dir='ltr'>praec.</span> <span class='ocrx_word' id='word_1_119' title='bbox 3351 2365 3494 2467; x_wconf 85' lang='lat' dir='ltr'>&#39;per</span> <span class='ocrx_word' id='word_1_120' title='bbox 3522 2390 3746 2470; x_wconf 46' lang='lat' dir='ltr'>punc*</span> 
     </span>
     <span class='ocr_line' id='line_1_15' title="bbox 1125 2481 3746 2579; baseline -0.003 -21"><span class='ocrx_word' id='word_1_121' title='bbox 1125 2503 1288 2558; x_wconf 87' lang='lat' dir='ltr'>tum</span> <span class='ocrx_word' id='word_1_122' title='bbox 1306 2482 1383 2557; x_wconf 92' lang='lat' dir='ltr'>T</span> <span class='ocrx_word' id='word_1_123' title='bbox 1411 2485 1485 2557; x_wconf 91' lang='lat' dir='ltr'>in</span> <span class='ocrx_word' id='word_1_124' title='bbox 1512 2506 1657 2577; x_wconf 92' lang='lat' dir='ltr'>quo</span> <span class='ocrx_word' id='word_1_125' title='bbox 1680 2499 1977 2572; x_wconf 89' lang='lat' dir='ltr'>uterque</span> <span class='ocrx_word' id='word_1_126' title='bbox 2004 2481 2306 2553; x_wconf 88' lang='lat' dir='ltr'>circulus</span> <span class='ocrx_word' id='word_1_127' title='bbox 2330 2481 2706 2556; x_wconf 86' lang='lat' dir='ltr'>sectionem</span> <span class='ocrx_word' id='word_1_128' title='bbox 2730 2481 3078 2579; x_wconf 87' lang='lat' dir='ltr'>contingit</span> <span class='ocrx_word' id='word_1_129' title='bbox 3099 2483 3396 2555; x_wconf 89' lang='lat' dir='ltr'>ducatur</span> <span class='ocrx_word' id='word_1_130' title='bbox 3426 2503 3746 2555; x_wconf 85' lang='lat' dir='ltr'>commu·</span> 
     </span>
     <span class='ocr_line' id='line_1_16' title="bbox 1130 2588 3744 2693; baseline -0.002 -23"><span class='ocrx_word' id='word_1_131' title='bbox 1130 2599 1239 2672; x_wconf 89' lang='lat' dir='ltr'>nis</span> <span class='ocrx_word' id='word_1_132' title='bbox 1270 2597 1688 2693; x_wconf 84' lang='lat' dir='ltr'>contingens</span> <span class='ocrx_word' id='word_1_133' title='bbox 1716 2593 1968 2676; x_wconf 76' lang='lat' dir='ltr'>axibus</span> <span class='ocrx_word' id='word_1_134' title='bbox 1997 2612 2373 2665; x_wconf 82' lang='lat' dir='ltr'>occurrens</span> <span class='ocrx_word' id='word_1_135' title='bbox 2396 2589 2470 2663; x_wconf 92' lang='lat' dir='ltr'>in</span> <span class='ocrx_word' id='word_1_136' title='bbox 2495 2593 2778 2687; x_wconf 86' lang='lat' dir='ltr'>punctis</span> <span class='ocrx_word' id='word_1_137' title='bbox 2807 2594 2901 2680; x_wconf 91' lang='lat' dir='ltr'>G,</span> <span class='ocrx_word' id='word_1_138' title='bbox 2934 2595 3008 2681; x_wconf 89' lang='lat' dir='ltr'>S,</span> <span class='ocrx_word' id='word_1_139' title='bbox 3049 2599 3128 2663; x_wconf 80' lang='grc' dir='ltr'>ὅτ</span> <span class='ocrx_word' id='word_1_140' title='bbox 3149 2596 3238 2663; x_wconf 86' lang='lat' dir='ltr'>ad</span> <span class='ocrx_word' id='word_1_141' title='bbox 3261 2613 3610 2688; x_wconf 88' lang='lat' dir='ltr'>punctum</span> <span class='ocrx_word' id='word_1_142' title='bbox 3666 2588 3744 2667; x_wconf 86' lang='grc' dir='ltr'><strong>Τ</strong></span> 
     </span>
     <span class='ocr_line' id='line_1_17' title="bbox 1121 2701 3774 2810; baseline -0.005 -23"><span class='ocrx_word' id='word_1_143' title='bbox 1121 2714 1429 2810; x_wconf 82' lang='lat' dir='ltr'>erigatur</span> <span class='ocrx_word' id='word_1_144' title='bbox 1456 2709 1620 2784; x_wconf 84' lang='lat' dir='ltr'>huic</span> <span class='ocrx_word' id='word_1_145' title='bbox 1652 2705 2088 2803; x_wconf 82' lang='lat' dir='ltr'>contingenti</span> <span class='ocrx_word' id='word_1_146' title='bbox 2119 2701 2713 2802; x_wconf 86' lang='lat' dir='ltr'>perpendicularis</span> <span class='ocrx_word' id='word_1_147' title='bbox 2742 2701 2994 2775; x_wconf 81' lang='lat' dir='ltr'>axibus</span> <span class='ocrx_word' id='word_1_148' title='bbox 3022 2724 3396 2778; x_wconf 87' lang='lat' dir='ltr'>occurrens</span> <span class='ocrx_word' id='word_1_149' title='bbox 3430 2705 3504 2776; x_wconf 90' lang='lat' dir='ltr'>in</span> <span class='ocrx_word' id='word_1_150' title='bbox 3534 2703 3615 2794; x_wconf 83' lang='grc' dir='ltr'>Ρ,</span> <span class='ocrx_word' id='word_1_151' title='bbox 3642 2705 3774 2801; x_wconf 77' lang='lat' dir='ltr'>Q</span> 
     </span>
     <span class='ocr_line' id='line_1_18' title="bbox 1122 2814 3745 2919; baseline -0.004 -22"><span class='ocrx_word' id='word_1_152' title='bbox 1122 2842 1329 2897; x_wconf 90' lang='lat' dir='ltr'>erunt</span> <span class='ocrx_word' id='word_1_153' title='bbox 1352 2837 1612 2919; x_wconf 88' lang='lat' dir='ltr'>puncta</span> <span class='ocrx_word' id='word_1_154' title='bbox 1631 2820 1713 2911; x_wconf 90' lang='lat' dir='ltr'>P,</span> <span class='ocrx_word' id='word_1_155' title='bbox 1747 2816 1845 2917; x_wconf 85' lang='lat' dir='ltr'>Q</span> <span class='ocrx_word' id='word_1_156' title='bbox 1882 2833 2126 2899; x_wconf 84' lang='lat' dir='ltr'>centra</span> <span class='ocrx_word' id='word_1_157' title='bbox 2147 2814 2574 2888; x_wconf 88' lang='lat' dir='ltr'>circulorum</span> <span class='ocrx_word' id='word_1_158' title='bbox 2604 2821 2761 2908; x_wconf 89' lang='lat' dir='ltr'>(per</span> <span class='ocrx_word' id='word_1_159' title='bbox 2797 2836 2859 2885; x_wconf 88' lang='lat'>1.</span> <span class='ocrx_word' id='word_1_160' title='bbox 2890 2815 2966 2885; x_wconf 75' lang='grc' dir='ltr'>ὅτ</span> <span class='ocrx_word' id='word_1_161' title='bbox 3005 2835 3122 2909; x_wconf 89' lang='lat'>19.</span> <span class='ocrx_word' id='word_1_162' title='bbox 3155 2817 3257 2907; x_wconf 84' lang='lat'>3.)</span> <span class='ocrx_word' id='word_1_163' title='bbox 3290 2819 3365 2888; x_wconf 75' lang='grc' dir='ltr'>ὅτ</span> <span class='ocrx_word' id='word_1_164' title='bbox 3402 2814 3745 2915; x_wconf 83' lang='lat' dir='ltr'>quoniam</span> 
     </span>
     <span class='ocr_line' id='line_1_19' title="bbox 1118 2918 3743 3028; baseline -0.006 -15"><span class='ocrx_word' id='word_1_165' title='bbox 1118 2940 1439 3014; x_wconf 88' lang='lat' dir='ltr'>diametri</span> <span class='ocrx_word' id='word_1_166' title='bbox 1486 2932 1802 3008; x_wconf 88' lang='lat' dir='ltr'>sectionis</span> <span class='ocrx_word' id='word_1_167' title='bbox 1830 2952 1955 3028; x_wconf 87' lang='lat' dir='ltr'>per</span> <span class='ocrx_word' id='word_1_168' title='bbox 1983 2944 2348 3002; x_wconf 85' lang='lat' dir='ltr'>contactus</span> <span class='ocrx_word' id='word_1_169' title='bbox 2398 2923 2833 2999; x_wconf 87' lang='lat' dir='ltr'>transeuntes</span> <span class='ocrx_word' id='word_1_170' title='bbox 2859 2921 3019 2999; x_wconf 89' lang='lat' dir='ltr'>sunt</span> <span class='ocrx_word' id='word_1_171' title='bbox 3066 2922 3248 2996; x_wconf 89' lang='lat' dir='ltr'>inter</span> <span class='ocrx_word' id='word_1_172' title='bbox 3293 2925 3362 2997; x_wconf 93' lang='lat' dir='ltr'>se</span> <span class='ocrx_word' id='word_1_173' title='bbox 3381 2918 3388 2923; x_wconf 63' lang='grc'><em>“</em></span> <span class='ocrx_word' id='word_1_174' title='bbox 3410 2927 3743 3020; x_wconf 85' lang='lat' dir='ltr'>aequales,</span> 
     </span>
     <span class='ocr_line' id='line_1_20' title="bbox 1122 3029 3743 3145; baseline -0.006 -20"><span class='ocrx_word' id='word_1_175' title='bbox 1122 3069 1331 3125; x_wconf 87' lang='lat' dir='ltr'>erunt</span> <span class='ocrx_word' id='word_1_176' title='bbox 1350 3048 1659 3145; x_wconf 76' lang='lat' dir='ltr'>ipsarum</span> <span class='ocrx_word' id='word_1_177' title='bbox 1700 3039 2092 3139; x_wconf 83' lang='lat' dir='ltr'>conjugatae</span> <span class='ocrx_word' id='word_1_178' title='bbox 2125 3038 2306 3111; x_wconf 87' lang='lat' dir='ltr'>inter</span> <span class='ocrx_word' id='word_1_179' title='bbox 2340 3034 2407 3108; x_wconf 91' lang='lat' dir='ltr'>se</span> <span class='ocrx_word' id='word_1_180' title='bbox 2434 3034 2735 3129; x_wconf 83' lang='lat' dir='ltr'>aequales</span> <span class='ocrx_word' id='word_1_181' title='bbox 2769 3049 2852 3106; x_wconf 91' lang='lat' dir='ltr'>ut</span> <span class='ocrx_word' id='word_1_182' title='bbox 2877 3029 3153 3105; x_wconf 86' lang='lat' dir='ltr'>constat</span> <span class='ocrx_word' id='word_1_183' title='bbox 3181 3056 3271 3107; x_wconf 82' lang='lat' dir='ltr'>ex</span> <span class='ocrx_word' id='word_1_184' title='bbox 3299 3033 3505 3130; x_wconf 89' lang='lat' dir='ltr'>Prop.</span> <span class='ocrx_word' id='word_1_185' title='bbox 3560 3057 3622 3130; x_wconf 88' lang='lat'>3.</span> <span class='ocrx_word' id='word_1_186' title='bbox 3661 3038 3743 3111; x_wconf 80' lang='grc' dir='ltr'>δε</span> 
     </span>
     <span class='ocr_line' id='line_1_21' title="bbox 1125 3141 3737 3257; baseline -0.009 -18"><span class='ocrx_word' id='word_1_187' title='bbox 1125 3188 1193 3257; x_wconf 89' lang='lat'>4.</span> <span class='ocrx_word' id='word_1_188' title='bbox 1228 3163 1354 3237; x_wconf 90' lang='lat' dir='ltr'>lib.</span> <span class='ocrx_word' id='word_1_189' title='bbox 1395 3183 1464 3252; x_wconf 79' lang='lat'><em>4</em></span> <span class='ocrx_word' id='word_1_190' title='bbox 1566 3154 1670 3233; x_wconf 84' lang='lat' dir='ltr'>Sit</span> <span class='ocrx_word' id='word_1_191' title='bbox 1718 3149 1856 3225; x_wconf 92' lang='lat' dir='ltr'>FD</span> <span class='ocrx_word' id='word_1_192' title='bbox 1898 3149 2243 3223; x_wconf 86' lang='lat' dir='ltr'>diameter</span> <span class='ocrx_word' id='word_1_193' title='bbox 2294 3146 2610 3220; x_wconf 87' lang='lat' dir='ltr'>sectionis</span> <span class='ocrx_word' id='word_1_194' title='bbox 2651 3141 3032 3241; x_wconf 84' lang='lat' dir='ltr'>conjugata</span> <span class='ocrx_word' id='word_1_195' title='bbox 3066 3141 3133 3225; x_wconf 92' lang='lat' dir='ltr'>ei</span> <span class='ocrx_word' id='word_1_196' title='bbox 3185 3167 3345 3241; x_wconf 80' lang='lat' dir='ltr'>quae</span> <span class='ocrx_word' id='word_1_197' title='bbox 3395 3168 3525 3244; x_wconf 87' lang='lat' dir='ltr'>per</span> <span class='ocrx_word' id='word_1_198' title='bbox 3568 3168 3737 3217; x_wconf 91' lang='lat' dir='ltr'>con-</span> 
     </span>
     <span class='ocr_line' id='line_1_22' title="bbox 1126 3251 3737 3358; baseline -0.008 -7"><span class='ocrx_word' id='word_1_199' title='bbox 1126 3293 1397 3350; x_wconf 88' lang='lat' dir='ltr'>tactum</span> <span class='ocrx_word' id='word_1_200' title='bbox 1455 3267 1533 3343; x_wconf 90' lang='lat' dir='ltr'>T</span> <span class='ocrx_word' id='word_1_201' title='bbox 1595 3259 1858 3339; x_wconf 86' lang='lat' dir='ltr'>transst.</span> <span class='ocrx_word' id='word_1_202' title='bbox 1960 3258 2338 3358; x_wconf 80' lang='lat' dir='ltr'>Quoniam</span> <span class='ocrx_word' id='word_1_203' title='bbox 2391 3257 2797 3355; x_wconf 86' lang='lat' dir='ltr'>rectangula</span> <span class='ocrx_word' id='word_1_204' title='bbox 2832 3253 3182 3354; x_wconf 85' lang='lat' dir='ltr'>triangula</span> <span class='ocrx_word' id='word_1_205' title='bbox 3240 3251 3501 3355; x_wconf 82' lang='lat' dir='ltr'><strong>TQG,</strong></span> <span class='ocrx_word' id='word_1_206' title='bbox 3551 3255 3737 3331; x_wconf 89' lang='lat' dir='ltr'>TSP</span> 
     </span>
     <span class='ocr_line' id='line_1_23' title="bbox 1128 3364 3736 3479; baseline -0.008 -16"><span class='ocrx_word' id='word_1_207' title='bbox 1128 3391 1288 3464; x_wconf 85' lang='lat' dir='ltr'>sunt</span> <span class='ocrx_word' id='word_1_208' title='bbox 1334 3377 1799 3479; x_wconf 48' lang='lat' dir='ltr'>aequiangulau</span> <span class='ocrx_word' id='word_1_209' title='bbox 1847 3373 1977 3448; x_wconf 90' lang='lat' dir='ltr'>erit</span> <span class='ocrx_word' id='word_1_210' title='bbox 2027 3364 2191 3470; x_wconf 79' lang='lat' dir='ltr'>&#39;QT</span> <span class='ocrx_word' id='word_1_211' title='bbox 2240 3370 2331 3443; x_wconf 87' lang='lat' dir='ltr'>ad</span> <span class='ocrx_word' id='word_1_212' title='bbox 2378 3369 2556 3460; x_wconf 89' lang='lat' dir='ltr'>GT,</span> <span class='ocrx_word' id='word_1_213' title='bbox 2611 3387 2694 3442; x_wconf 91' lang='lat' dir='ltr'>ut</span> <span class='ocrx_word' id='word_1_214' title='bbox 2722 3367 2844 3442; x_wconf 92' lang='lat' dir='ltr'>TS</span> <span class='ocrx_word' id='word_1_215' title='bbox 2893 3369 2983 3441; x_wconf 87' lang='lat' dir='ltr'>ad</span> <span class='ocrx_word' id='word_1_216' title='bbox 3021 3366 3180 3460; x_wconf 93' lang='lat' dir='ltr'>TP,</span> <span class='ocrx_word' id='word_1_217' title='bbox 3231 3368 3530 3465; x_wconf 88' lang='lat' dir='ltr'>ideoque</span> <span class='ocrx_word' id='word_1_218' title='bbox 3584 3392 3736 3441; x_wconf 80' lang='lat' dir='ltr'>rec·</span> 
     </span>
     <span class='ocr_line' id='line_1_24' title="bbox 1131 3477 3739 3597; baseline -0.007 -25"><span class='ocrx_word' id='word_1_219' title='bbox 1131 3500 1502 3597; x_wconf 81' lang='lat' dir='ltr'>tangulum</span> <span class='ocrx_word' id='word_1_220' title='bbox 1562 3489 1777 3588; x_wconf 81' lang='lat' dir='ltr'>QTP</span> <span class='ocrx_word' id='word_1_221' title='bbox 1836 3484 1936 3560; x_wconf 88' lang='lat' dir='ltr'>est</span> <span class='ocrx_word' id='word_1_222' title='bbox 1980 3482 2249 3578; x_wconf 84' lang='lat' dir='ltr'>aequale</span> <span class='ocrx_word' id='word_1_223' title='bbox 2304 3480 2711 3577; x_wconf 88' lang='lat' dir='ltr'>rectangulo</span> <span class='ocrx_word' id='word_1_224' title='bbox 2764 3477 2981 3568; x_wconf 92' lang='lat' dir='ltr'><strong>GTS,</strong></span> <span class='ocrx_word' id='word_1_225' title='bbox 3028 3478 3162 3551; x_wconf 87' lang='lat' dir='ltr'>hoc</span> <span class='ocrx_word' id='word_1_226' title='bbox 3224 3481 3346 3573; x_wconf 90' lang='lat' dir='ltr'>est,</span> <span class='ocrx_word' id='word_1_227' title='bbox 3396 3480 3739 3577; x_wconf 87' lang='lat' dir='ltr'>quadrato</span> 
     </span>
     <span class='ocr_line' id='line_1_25' title="bbox 1129 3593 3734 3710; baseline -0.009 -15"><span class='ocrx_word' id='word_1_228' title='bbox 1129 3644 1223 3695; x_wconf 87' lang='lat' dir='ltr'>ex</span> <span class='ocrx_word' id='word_1_229' title='bbox 1274 3614 1414 3691; x_wconf 91' lang='lat' dir='ltr'>CD</span> <span class='ocrx_word' id='word_1_230' title='bbox 1461 3633 1584 3710; x_wconf 88' lang='lat' dir='ltr'>per</span> <span class='ocrx_word' id='word_1_231' title='bbox 1622 3610 1838 3703; x_wconf 78' lang='lat' dir='ltr'>‚Prop.</span> <span class='ocrx_word' id='word_1_232' title='bbox 1906 3621 2019 3698; x_wconf 81' lang='lat'>51.</span> <span class='ocrx_word' id='word_1_233' title='bbox 2074 3598 2201 3675; x_wconf 89' lang='lat' dir='ltr'>lib.</span> <span class='ocrx_word' id='word_1_234' title='bbox 2269 3621 2330 3674; x_wconf 89' lang='lat'>1.</span> <span class='ocrx_word' id='word_1_235' title='bbox 2391 3597 2583 3672; x_wconf 88' lang='lat' dir='ltr'>unde</span> <span class='ocrx_word' id='word_1_236' title='bbox 2644 3595 2868 3691; x_wconf 89' lang='lat' dir='ltr'>liquet</span> <span class='ocrx_word' id='word_1_237' title='bbox 2920 3617 3082 3694; x_wconf 87' lang='lat' dir='ltr'>pars</span> <span class='ocrx_word' id='word_1_238' title='bbox 3140 3593 3369 3692; x_wconf 85' lang='lat' dir='ltr'>prima</span> <span class='ocrx_word' id='word_1_239' title='bbox 3428 3598 3734 3697; x_wconf 83' lang='lat' dir='ltr'>proposi·</span> 
     </span>
     <span class='ocr_line' id='line_1_26' title="bbox 1128 3753 1361 3807; baseline -0.03 0"><span class='ocrx_word' id='word_1_240' title='bbox 1128 3753 1361 3807; x_wconf 72' lang='lat' dir='ltr'>tionis,</span> 
     </span>
     <span class='ocr_line' id='line_1_27' title="bbox 1226 3818 3733 3940; baseline -0.006 -11"><span class='ocrx_word' id='word_1_241' title='bbox 1226 3856 1399 3929; x_wconf 88' lang='lat' dir='ltr'>Pars</span> <span class='ocrx_word' id='word_1_242' title='bbox 1442 3875 1506 3929; x_wconf 88' lang='lat'>2.</span> <span class='ocrx_word' id='word_1_243' title='bbox 1569 3818 1953 3940; x_wconf 77' lang='lat' dir='ltr'>Contingat</span> <span class='ocrx_word' id='word_1_244' title='bbox 1997 3838 2299 3914; x_wconf 85' lang='lat' dir='ltr'>circulus</span> <span class='ocrx_word' id='word_1_245' title='bbox 2354 3833 2497 3910; x_wconf 89' lang='lat' dir='ltr'>HE</span> <span class='ocrx_word' id='word_1_246' title='bbox 2557 3834 2971 3911; x_wconf 87' lang='lat' dir='ltr'>Parabolam</span> <span class='ocrx_word' id='word_1_247' title='bbox 3031 3834 3104 3909; x_wconf 91' lang='lat' dir='ltr'>in</span> <span class='ocrx_word' id='word_1_248' title='bbox 3166 3838 3446 3934; x_wconf 88' lang='lat' dir='ltr'>punctis</span> <span class='ocrx_word' id='word_1_249' title='bbox 3503 3837 3602 3932; x_wconf 89' lang='lat' dir='ltr'>T,</span> <span class='ocrx_word' id='word_1_250' title='bbox 3659 3840 3733 3915; x_wconf 90' lang='lat' dir='ltr'>R</span> 
     </span>
     <span class='ocr_line' id='line_1_28' title="bbox 1126 3949 3730 4064; baseline -0.008 -15"><span class='ocrx_word' id='word_1_251' title='bbox 1126 3973 1258 4049; x_wconf 90' lang='lat' dir='ltr'>erit</span> <span class='ocrx_word' id='word_1_252' title='bbox 1311 3967 1562 4064; x_wconf 90' lang='lat' dir='ltr'>juncta</span> <span class='ocrx_word' id='word_1_253' title='bbox 1627 3960 1778 4036; x_wconf 89' lang='lat' dir='ltr'>TR</span> <span class='ocrx_word' id='word_1_254' title='bbox 1832 3957 1969 4047; x_wconf 83' lang='lat' dir='ltr'>axi</span> <span class='ocrx_word' id='word_1_255' title='bbox 1995 3952 2350 4030; x_wconf 81' lang='lat' dir='ltr'>Parabolae</span> <span class='ocrx_word' id='word_1_256' title='bbox 2387 3949 2978 4048; x_wconf 86' lang='lat' dir='ltr'>perpendicularis</span> <span class='ocrx_word' id='word_1_257' title='bbox 3023 3965 3105 4024; x_wconf 89' lang='lat' dir='ltr'>ut</span> <span class='ocrx_word' id='word_1_258' title='bbox 3157 3951 3377 4047; x_wconf 88' lang='lat' dir='ltr'>prius,</span> <span class='ocrx_word' id='word_1_259' title='bbox 3429 3953 3730 4046; x_wconf 89' lang='lat' dir='ltr'>ideoque</span> 
     </span>
     <span class='ocr_line' id='line_1_29' title="bbox 1127 4063 3728 4186; baseline -0.008 -26"><span class='ocrx_word' id='word_1_260' title='bbox 1127 4079 1505 4186; x_wconf 85' lang='lat' dir='ltr'>parametri</span> <span class='ocrx_word' id='word_1_261' title='bbox 1582 4073 2091 4148; x_wconf 87' lang='lat' dir='ltr'>diametrorum</span> <span class='ocrx_word' id='word_1_262' title='bbox 2166 4087 2328 4161; x_wconf 86' lang='lat' dir='ltr'>quae</span> <span class='ocrx_word' id='word_1_263' title='bbox 2400 4083 2524 4158; x_wconf 86' lang='lat' dir='ltr'>per</span> <span class='ocrx_word' id='word_1_264' title='bbox 2575 4068 2846 4158; x_wconf 82' lang='lat' dir='ltr'>puncta</span> <span class='ocrx_word' id='word_1_265' title='bbox 2921 4078 3286 4135; x_wconf 78' lang='lat' dir='ltr'>contactus</span> <span class='ocrx_word' id='word_1_266' title='bbox 3363 4063 3728 4138; x_wconf 87' lang='lat' dir='ltr'>transeunt</span> 
     </span>
    </p>
   </div>
   <div class='ocr_carea' id='block_1_5' title="bbox 1130 4174 3736 4367">
    <p class='ocr_par' dir='ltr' id='par_1_6' title="bbox 1130 4174 3736 4367">
     <span class='ocr_line' id='line_1_30' title="bbox 1130 4174 3736 4367; baseline -0.013 -87"><span class='ocrx_word' id='word_1_267' title='bbox 1130 4217 1340 4279; x_wconf 84' lang='lat' dir='ltr'>erunt</span> <span class='ocrx_word' id='word_1_268' title='bbox 1367 4197 1546 4275; x_wconf 89' lang='lat' dir='ltr'>inter</span> <span class='ocrx_word' id='word_1_269' title='bbox 1562 4189 1630 4266; x_wconf 87' lang='lat' dir='ltr'>se</span> <span class='ocrx_word' id='word_1_270' title='bbox 1658 4182 1961 4287; x_wconf 73' lang='lat' dir='ltr'>aequales</span> <span class='ocrx_word' id='word_1_271' title='bbox 1985 4178 2184 4279; x_wconf 87' lang='lat' dir='ltr'>(Cor.</span> <span class='ocrx_word' id='word_1_272' title='bbox 2218 4200 2284 4277; x_wconf 82' lang='lat'>3.</span> <span class='ocrx_word' id='word_1_273' title='bbox 2314 4196 2430 4275; x_wconf 84' lang='lat'>25.</span> <span class='ocrx_word' id='word_1_274' title='bbox 2466 4174 2590 4259; x_wconf 88' lang='lat' dir='ltr'>lib.</span> <span class='ocrx_word' id='word_1_275' title='bbox 2619 4178 2722 4269; x_wconf 87' lang='lat'>2.)</span> <span class='ocrx_word' id='word_1_276' title='bbox 2750 4192 2876 4278; x_wconf 84' lang='lat' dir='ltr'>per</span> <span class='ocrx_word' id='word_1_277' title='bbox 2899 4191 3305 4256; x_wconf 76' lang='lat' dir='ltr'>contactum</span> <span class='ocrx_word' id='word_1_278' title='bbox 3329 4174 3404 4249; x_wconf 92' lang='lat' dir='ltr'>T</span> <span class='ocrx_word' id='word_1_279' title='bbox 3428 4175 3736 4367; x_wconf 47' lang='lat' dir='ltr'>ducatlpii·⁸</span> 
     </span>
     <span class='ocr_line' id='line_1_31' title="bbox 3330 4310 3623 4367; baseline 0.01 -3"><span class='ocrx_word' id='word_1_280' title='bbox 3330 4310 3623 4367; x_wconf 85' lang='lat' dir='ltr'>commu</span> 
     </span>
    </p>
   </div>
  </div>
 </body>
</html>
