<?xml version="1.0" encoding="UTF-8"?>
<!DOCTYPE html PUBLIC "-//W3C//DTD XHTML 1.0 Transitional//EN"
    "http://www.w3.org/TR/xhtml1/DTD/xhtml1-transitional.dtd">
<html xmlns="http://www.w3.org/1999/xhtml" xml:lang="en" lang="en">
 <head>
  <title>
</title>
<meta http-equiv="Content-Type" content="text/html;charset=utf-8" />
  <meta name='ocr-system' content='tesseract 3.04.00' />
  <meta name='ocr-capabilities' content='ocr_page ocr_carea ocr_par ocr_line ocrx_word'/>
</head>
<body>
  <div class='ocr_page' id='page_1' title='image "./desectionibusco01hamigoog_0194.png"; bbox 0 0 4196 5352; ppageno 0'>
   <div class='ocr_carea' id='block_1_1' title="bbox 652 2506 794 2589">
    <p class='ocr_par' dir='ltr' id='par_1_1' title="bbox 652 2506 794 2589">
     <span class='ocr_line' id='line_1_1' title="bbox 652 2506 794 2589; baseline -0.042 -19"><span class='ocrx_word' id='word_1_1' title='bbox 652 2506 794 2589; x_wconf 74' lang='lat' dir='ltr'><strong>Pig.</strong></span> 
     </span>
    </p>
   </div>
   <div class='ocr_carea' id='block_1_2' title="bbox 851 2525 955 2666">
    <p class='ocr_par' dir='ltr' id='par_1_2' title="bbox 851 2525 955 2666">
     <span class='ocr_line' id='line_1_2' title="bbox 851 2525 943 2583; baseline 0.043 -19"><span class='ocrx_word' id='word_1_2' title='bbox 851 2525 943 2583; x_wconf 80' lang='lat'><strong>¹3·</strong></span> 
     </span>
     <span class='ocr_line' id='line_1_3' title="bbox 863 2603 955 2666; baseline -0.022 -19"><span class='ocrx_word' id='word_1_3' title='bbox 863 2603 955 2666; x_wconf 83' lang='lat'><strong>¹4·</strong></span> 
     </span>
    </p>
   </div>
   <div class='ocr_carea' id='block_1_3' title="bbox 1063 311 3342 489">
    <p class='ocr_par' dir='ltr' id='par_1_3' title="bbox 1063 311 3342 489">
     <span class='ocr_line' id='line_1_4' title="bbox 1063 311 3342 489; baseline -0.009 -42"><span class='ocrx_word' id='word_1_4' title='bbox 1063 371 1115 448; x_wconf 92' lang='lat'>1</span> <span class='ocrx_word' id='word_1_5' title='bbox 1139 367 1204 489; x_wconf 85' lang='lat'>5</span> <span class='ocrx_word' id='word_1_6' title='bbox 1224 330 1296 445; x_wconf 94' lang='lat'><em>6</em></span> <span class='ocrx_word' id='word_1_7' title='bbox 1356 477 1361 482; x_wconf 8' lang='grc' dir='ltr'>Φ</span> <span class='ocrx_word' id='word_1_8' title='bbox 1446 319 2037 444; x_wconf 68' lang='lat' dir='ltr'><strong>SeHionum</strong></span> <span class='ocrx_word' id='word_1_9' title='bbox 2090 317 2725 440; x_wconf 67' lang='lat' dir='ltr'><strong>(Ionicarum</strong></span> <span class='ocrx_word' id='word_1_10' title='bbox 2794 311 3049 435; x_wconf 80' lang='lat' dir='ltr'><strong>Lib.</strong></span> <span class='ocrx_word' id='word_1_11' title='bbox 3118 312 3342 430; x_wconf 91' lang='lat' dir='ltr'><strong>IV.</strong></span> 
     </span>
    </p>
   </div>
   <div class='ocr_carea' id='block_1_4' title="bbox 1035 508 3654 739">
    <p class='ocr_par' dir='ltr' id='par_1_4' title="bbox 1035 508 3654 739">
     <span class='ocr_line' id='line_1_5' title="bbox 1035 508 3654 642; baseline -0.007 -39"><span class='ocrx_word' id='word_1_12' title='bbox 1035 547 1105 603; x_wconf 91' lang='lat' dir='ltr'><strong>et</strong></span> <span class='ocrx_word' id='word_1_13' title='bbox 1140 553 1180 600; x_wconf 92' lang='lat' dir='ltr'><strong>a</strong></span> <span class='ocrx_word' id='word_1_14' title='bbox 1209 547 1474 625; x_wconf 88' lang='lat' dir='ltr'><strong>puncto</strong></span> <span class='ocrx_word' id='word_1_15' title='bbox 1525 528 1586 600; x_wconf 92' lang='lat' dir='ltr'>C</span> <span class='ocrx_word' id='word_1_16' title='bbox 1611 527 1970 627; x_wconf 84' lang='lat' dir='ltr'><strong>aequaliter</strong></span> <span class='ocrx_word' id='word_1_17' title='bbox 1998 526 2281 618; x_wconf 87' lang='lat' dir='ltr'><strong>distant,</strong></span> <span class='ocrx_word' id='word_1_18' title='bbox 2326 525 2675 624; x_wconf 86' lang='lat' dir='ltr'>quotlibet</span> <span class='ocrx_word' id='word_1_19' title='bbox 2718 518 3006 617; x_wconf 88' lang='lat' dir='ltr'><strong>Ellipses</strong></span> <span class='ocrx_word' id='word_1_20' title='bbox 3046 533 3173 592; x_wconf 90' lang='lat' dir='ltr'><strong>aut</strong></span> <span class='ocrx_word' id='word_1_21' title='bbox 3212 508 3654 642; x_wconf 63' lang='lat' dir='ltr'><strong>Hyperbolze&#39;</strong></span> 
     </span>
     <span class='ocr_line' id='line_1_6' title="bbox 1035 638 2759 739; baseline -0.001 -26"><span class='ocrx_word' id='word_1_22' title='bbox 1035 643 1327 715; x_wconf 87' lang='lat' dir='ltr'>describi</span> <span class='ocrx_word' id='word_1_23' title='bbox 1355 642 1647 739; x_wconf 88' lang='lat' dir='ltr'><strong>possunt,</strong></span> <span class='ocrx_word' id='word_1_24' title='bbox 1680 666 1836 738; x_wconf 87' lang='lat' dir='ltr'><strong>quae</strong></span> <span class='ocrx_word' id='word_1_25' title='bbox 1863 639 2290 715; x_wconf 89' lang='lat' dir='ltr'><strong>Problemati</strong></span> <span class='ocrx_word' id='word_1_26' title='bbox 2323 638 2759 714; x_wconf 69' lang='lat' dir='ltr'><strong>satisfacient.</strong></span> 
     </span>
    </p>
   </div>
   <div class='ocr_carea' id='block_1_5' title="bbox 1035 762 3663 1658">
    <p class='ocr_par' dir='ltr' id='par_1_5' title="bbox 1035 762 3663 1658">
     <span class='ocr_line' id='line_1_7' title="bbox 1146 762 3657 868; baseline -0.004 -24"><span class='ocrx_word' id='word_1_27' title='bbox 1146 771 1215 844; x_wconf 93' lang='lat' dir='ltr'><strong>Si</strong></span> <span class='ocrx_word' id='word_1_28' title='bbox 1267 796 1436 844; x_wconf 88' lang='lat' dir='ltr'><strong>vero</strong></span> <span class='ocrx_word' id='word_1_29' title='bbox 1476 773 1583 845; x_wconf 81' lang='lat' dir='ltr'><strong>hae</strong></span> <span class='ocrx_word' id='word_1_30' title='bbox 1632 790 1835 846; x_wconf 83' lang='lat' dir='ltr'><strong>rectae</strong></span> <span class='ocrx_word' id='word_1_31' title='bbox 1882 770 2028 861; x_wconf 89' lang='lat' dir='ltr'><strong>EF,</strong></span> <span class='ocrx_word' id='word_1_32' title='bbox 2069 771 2203 846; x_wconf 85' lang='grc' dir='ltr'><strong>ΡΝ</strong></span> <span class='ocrx_word' id='word_1_33' title='bbox 2246 770 2601 868; x_wconf 86' lang='lat' dir='ltr'><strong>aequaliter</strong></span> <span class='ocrx_word' id='word_1_34' title='bbox 2644 767 2901 841; x_wconf 91' lang='lat' dir='ltr'><strong>distant</strong></span> <span class='ocrx_word' id='word_1_35' title='bbox 2946 788 2990 837; x_wconf 89' lang='lat' dir='ltr'><strong>a</strong></span> <span class='ocrx_word' id='word_1_36' title='bbox 3053 781 3322 864; x_wconf 88' lang='lat' dir='ltr'><strong>puncto</strong></span> <span class='ocrx_word' id='word_1_37' title='bbox 3351 762 3441 848; x_wconf 89' lang='lat' dir='ltr'><strong>C,</strong></span> <span class='ocrx_word' id='word_1_38' title='bbox 3484 782 3657 834; x_wconf 87' lang='lat' dir='ltr'><strong>cum</strong></span> 
     </span>
     <span class='ocr_line' id='line_1_8' title="bbox 1036 877 3656 982; baseline -0.003 -26"><span class='ocrx_word' id='word_1_39' title='bbox 1036 886 1190 959; x_wconf 90' lang='lat' dir='ltr'><strong>sunt</strong></span> <span class='ocrx_word' id='word_1_40' title='bbox 1224 886 1627 979; x_wconf 74' lang='lat' dir='ltr'><strong>inaequaleS,</strong></span> <span class='ocrx_word' id='word_1_41' title='bbox 1673 888 1785 960; x_wconf 88' lang='lat' dir='ltr'><strong>vel</strong></span> <span class='ocrx_word' id='word_1_42' title='bbox 1812 886 2244 982; x_wconf 88' lang='lat' dir='ltr'><strong>inaequaliter</strong></span> <span class='ocrx_word' id='word_1_43' title='bbox 2274 885 2532 960; x_wconf 91' lang='lat' dir='ltr'>distant</span> <span class='ocrx_word' id='word_1_44' title='bbox 2566 885 2658 956; x_wconf 91' lang='lat' dir='ltr'><strong>ab</strong></span> <span class='ocrx_word' id='word_1_45' title='bbox 2692 883 2944 956; x_wconf 90' lang='lat' dir='ltr'><strong>eodem</strong></span> <span class='ocrx_word' id='word_1_46' title='bbox 2970 900 3263 977; x_wconf 89' lang='lat' dir='ltr'><strong>puncto,</strong></span> <span class='ocrx_word' id='word_1_47' title='bbox 3300 901 3471 951; x_wconf 90' lang='lat' dir='ltr'><strong>cum</strong></span> <span class='ocrx_word' id='word_1_48' title='bbox 3495 877 3656 949; x_wconf 88' lang='lat' dir='ltr'><strong>sunt</strong></span> 
     </span>
     <span class='ocr_line' id='line_1_9' title="bbox 1038 990 3658 1093; baseline -0.002 -24"><span class='ocrx_word' id='word_1_49' title='bbox 1038 998 1372 1092; x_wconf 72' lang='lat' dir='ltr'><strong>aequales,</strong></span> <span class='ocrx_word' id='word_1_50' title='bbox 1423 999 1798 1073; x_wconf 88' lang='lat' dir='ltr'><strong>Problema</strong></span> <span class='ocrx_word' id='word_1_51' title='bbox 1853 999 1953 1071; x_wconf 87' lang='lat' dir='ltr'><strong>est</strong></span> <span class='ocrx_word' id='word_1_52' title='bbox 2012 996 2441 1093; x_wconf 87' lang='lat' dir='ltr'><strong>impoffibile.</strong></span> <span class='ocrx_word' id='word_1_53' title='bbox 2543 996 2615 1068; x_wconf 92' lang='lat' dir='ltr'><strong>Si</strong></span> <span class='ocrx_word' id='word_1_54' title='bbox 2667 1014 2854 1068; x_wconf 90' lang='lat' dir='ltr'><strong>recta</strong></span> <span class='ocrx_word' id='word_1_55' title='bbox 2914 995 3146 1067; x_wconf 88' lang='lat' dir='ltr'><strong>minor</strong></span> <span class='ocrx_word' id='word_1_56' title='bbox 3201 990 3323 1065; x_wconf 91' lang='lat' dir='ltr'><strong>EF</strong></span> <span class='ocrx_word' id='word_1_57' title='bbox 3378 992 3658 1088; x_wconf 87' lang='lat' dir='ltr'><strong>longius</strong></span> 
     </span>
     <span class='ocr_line' id='line_1_10' title="bbox 1037 1104 3662 1207; baseline -0.003 -24"><span class='ocrx_word' id='word_1_58' title='bbox 1037 1111 1242 1183; x_wconf 87' lang='lat' dir='ltr'><strong>distat</strong></span> <span class='ocrx_word' id='word_1_59' title='bbox 1270 1136 1310 1184; x_wconf 96' lang='lat' dir='ltr'><strong>a</strong></span> <span class='ocrx_word' id='word_1_60' title='bbox 1359 1130 1620 1207; x_wconf 88' lang='lat' dir='ltr'><strong>puncto</strong></span> <span class='ocrx_word' id='word_1_61' title='bbox 1670 1113 1733 1183; x_wconf 92' lang='lat' dir='ltr'>C</span> <span class='ocrx_word' id='word_1_62' title='bbox 1778 1135 1999 1206; x_wconf 88' lang='lat' dir='ltr'><strong>quam</strong></span> <span class='ocrx_word' id='word_1_63' title='bbox 2050 1129 2240 1183; x_wconf 87' lang='lat' dir='ltr'><strong>recta</strong></span> <span class='ocrx_word' id='word_1_64' title='bbox 2289 1109 2508 1205; x_wconf 66' lang='lat' dir='ltr'><strong>major</strong></span> <span class='ocrx_word' id='word_1_65' title='bbox 2557 1108 2715 1199; x_wconf 89' lang='grc' dir='ltr'><strong>ΡΝ,</strong></span> <span class='ocrx_word' id='word_1_66' title='bbox 2763 1108 2970 1181; x_wconf 88' lang='lat' dir='ltr'><strong>sectio</strong></span> <span class='ocrx_word' id='word_1_67' title='bbox 3016 1107 3470 1180; x_wconf 88' lang='lat' dir='ltr'><strong>describenda</strong></span> <span class='ocrx_word' id='word_1_68' title='bbox 3528 1104 3662 1177; x_wconf 91' lang='lat' dir='ltr'><strong>erit</strong></span> 
     </span>
     <span class='ocr_line' id='line_1_11' title="bbox 1035 1221 3660 1321; baseline -0.002 -23"><span class='ocrx_word' id='word_1_69' title='bbox 1035 1221 1335 1321; x_wconf 84' lang='lat' dir='ltr'><strong>Enipfis,</strong></span> <span class='ocrx_word' id='word_1_70' title='bbox 1400 1221 1452 1295; x_wconf 86' lang='lat' dir='ltr'>fi</span> <span class='ocrx_word' id='word_1_71' title='bbox 1501 1247 1670 1297; x_wconf 91' lang='lat' dir='ltr'><strong>vero</strong></span> <span class='ocrx_word' id='word_1_72' title='bbox 1732 1225 2163 1299; x_wconf 88' lang='lat' dir='ltr'><strong>contrarium</strong></span> <span class='ocrx_word' id='word_1_73' title='bbox 2214 1225 2520 1312; x_wconf 87' lang='lat' dir='ltr'><strong>eveniat,</strong></span> <span class='ocrx_word' id='word_1_74' title='bbox 2595 1222 3061 1298; x_wconf 82' lang='lat' dir='ltr'><strong>describendae</strong></span> <span class='ocrx_word' id='word_1_75' title='bbox 3108 1224 3265 1296; x_wconf 88' lang='lat' dir='ltr'><strong>sunt</strong></span> <span class='ocrx_word' id='word_1_76' title='bbox 3323 1222 3660 1294; x_wconf 86' lang='lat' dir='ltr'><strong>sectiones</strong></span> 
     </span>
     <span class='ocr_line' id='line_1_12' title="bbox 1038 1335 3663 1432; baseline -0.002 -23"><span class='ocrx_word' id='word_1_77' title='bbox 1038 1335 1427 1432; x_wconf 85' lang='lat' dir='ltr'><strong>oppofitae;</strong></span> <span class='ocrx_word' id='word_1_78' title='bbox 1479 1341 1555 1410; x_wconf 78' lang='grc' dir='ltr'><strong>ὅτ</strong></span> <span class='ocrx_word' id='word_1_79' title='bbox 1600 1361 1772 1409; x_wconf 90' lang='lat' dir='ltr'><strong>cum</strong></span> <span class='ocrx_word' id='word_1_80' title='bbox 1817 1337 1889 1409; x_wconf 92' lang='lat' dir='ltr'><strong>in</strong></span> <span class='ocrx_word' id='word_1_81' title='bbox 1953 1354 2259 1432; x_wconf 89' lang='lat' dir='ltr'><strong>utroque</strong></span> <span class='ocrx_word' id='word_1_82' title='bbox 2320 1336 2478 1409; x_wconf 89' lang='lat' dir='ltr'><strong>casu</strong></span> <span class='ocrx_word' id='word_1_83' title='bbox 2535 1353 2733 1431; x_wconf 88' lang='lat' dir='ltr'><strong>patet</strong></span> <span class='ocrx_word' id='word_1_84' title='bbox 2785 1335 3129 1409; x_wconf 88' lang='lat' dir='ltr'><strong>sectiones</strong></span> <span class='ocrx_word' id='word_1_85' title='bbox 3176 1335 3663 1408; x_wconf 88' lang='lat' dir='ltr'><strong>describendas</strong></span> 
     </span>
     <span class='ocr_line' id='line_1_13' title="bbox 1044 1445 3660 1544; baseline 0 -24"><span class='ocrx_word' id='word_1_86' title='bbox 1044 1448 1410 1522; x_wconf 87' lang='lat' dir='ltr'><strong>necessario</strong></span> <span class='ocrx_word' id='word_1_87' title='bbox 1478 1445 1762 1522; x_wconf 87' lang='lat' dir='ltr'><strong>tranfire</strong></span> <span class='ocrx_word' id='word_1_88' title='bbox 1810 1471 1936 1544; x_wconf 87' lang='lat' dir='ltr'><strong>per</strong></span> <span class='ocrx_word' id='word_1_89' title='bbox 1981 1448 2096 1520; x_wconf 85' lang='lat' dir='ltr'><strong>sex</strong></span> <span class='ocrx_word' id='word_1_90' title='bbox 2149 1467 2413 1541; x_wconf 89' lang='lat' dir='ltr'><strong>puncta</strong></span> <span class='ocrx_word' id='word_1_91' title='bbox 2455 1448 2621 1519; x_wconf 89' lang='lat' dir='ltr'><strong>data</strong></span> <span class='ocrx_word' id='word_1_92' title='bbox 2667 1471 2757 1521; x_wconf 84' lang='lat' dir='ltr'><strong>ex</strong></span> <span class='ocrx_word' id='word_1_93' title='bbox 2802 1449 3322 1522; x_wconf 90' lang='lat' dir='ltr'><strong>conditionibus</strong></span> <span class='ocrx_word' id='word_1_94' title='bbox 3371 1448 3660 1522; x_wconf 88' lang='lat' dir='ltr'><strong>Proble-</strong></span> 
     </span>
     <span class='ocr_line' id='line_1_14' title="bbox 1037 1557 3663 1658; baseline 0 -24"><span class='ocrx_word' id='word_1_95' title='bbox 1037 1561 1308 1647; x_wconf 84' lang='lat' dir='ltr'><strong>matis;</strong></span> <span class='ocrx_word' id='word_1_96' title='bbox 1357 1559 1812 1633; x_wconf 84' lang='lat' dir='ltr'><strong>manifestum</strong></span> <span class='ocrx_word' id='word_1_97' title='bbox 1871 1558 1995 1650; x_wconf 89' lang='lat' dir='ltr'><strong>est,</strong></span> <span class='ocrx_word' id='word_1_98' title='bbox 2044 1560 2242 1655; x_wconf 91' lang='lat' dir='ltr'><strong>quod</strong></span> <span class='ocrx_word' id='word_1_99' title='bbox 2302 1560 2512 1633; x_wconf 88' lang='lat' dir='ltr'><strong>unica</strong></span> <span class='ocrx_word' id='word_1_100' title='bbox 2557 1557 2833 1657; x_wconf 86' lang='lat' dir='ltr'><strong>Ellipfis</strong></span> <span class='ocrx_word' id='word_1_101' title='bbox 2904 1561 3193 1635; x_wconf 88' lang='lat' dir='ltr'><strong>describi</strong></span> <span class='ocrx_word' id='word_1_102' title='bbox 3240 1562 3490 1658; x_wconf 89' lang='lat' dir='ltr'><strong>potest,</strong></span> <span class='ocrx_word' id='word_1_103' title='bbox 3545 1561 3663 1634; x_wconf 88' lang='lat' dir='ltr'><strong>vel</strong></span> 
     </span>
    </p>
   </div>
   <div class='ocr_carea' id='block_1_6' title="bbox 970 1669 3663 1777">
    <p class='ocr_par' dir='ltr' id='par_1_6' title="bbox 970 1669 3663 1777">
     <span class='ocr_line' id='line_1_15' title="bbox 970 1669 3663 1777; baseline 0.001 -32"><span class='ocrx_word' id='word_1_104' title='bbox 970 1763 995 1777; x_wconf 39' lang='grc' dir='ltr'><em>Ι</em></span> <span class='ocrx_word' id='word_1_105' title='bbox 1031 1673 1193 1745; x_wconf 86' lang='lat' dir='ltr'><strong>duae</strong></span> <span class='ocrx_word' id='word_1_106' title='bbox 1243 1688 1523 1746; x_wconf 89' lang='lat' dir='ltr'><strong>tantum</strong></span> <span class='ocrx_word' id='word_1_107' title='bbox 1574 1669 2003 1768; x_wconf 85' lang='lat' dir='ltr'><strong>Hyperbolae</strong></span> <span class='ocrx_word' id='word_1_108' title='bbox 2051 1669 2408 1767; x_wconf 85' lang='lat' dir='ltr'><strong>oppofitae,</strong></span> <span class='ocrx_word' id='word_1_109' title='bbox 2486 1693 2645 1766; x_wconf 83' lang='lat' dir='ltr'><strong>quae</strong></span> <span class='ocrx_word' id='word_1_110' title='bbox 2734 1670 3162 1762; x_wconf 89' lang='lat' dir='ltr'><strong>Problemati</strong></span> <span class='ocrx_word' id='word_1_111' title='bbox 3244 1672 3663 1749; x_wconf 84' lang='lat' dir='ltr'><strong>satisfacient</strong></span> 
     </span>
    </p>
   </div>
   <div class='ocr_carea' id='block_1_7' title="bbox 1024 1783 3654 1886">
    <p class='ocr_par' dir='ltr' id='par_1_7' title="bbox 1024 1783 3654 1886">
     <span class='ocr_line' id='line_1_16' title="bbox 1024 1783 3654 1886; baseline 0.003 -30"><span class='ocrx_word' id='word_1_112' title='bbox 1024 1785 1193 1880; x_wconf 81' lang='lat' dir='ltr'><strong>quia</strong></span> <span class='ocrx_word' id='word_1_113' title='bbox 1240 1787 1401 1859; x_wconf 84' lang='lat' dir='ltr'><strong>duae</strong></span> <span class='ocrx_word' id='word_1_114' title='bbox 1456 1784 1789 1859; x_wconf 84' lang='lat' dir='ltr'><strong>sectiones</strong></span> <span class='ocrx_word' id='word_1_115' title='bbox 1818 1783 2077 1857; x_wconf 84' lang='lat' dir='ltr'><strong>conicae</strong></span> <span class='ocrx_word' id='word_1_116' title='bbox 2131 1785 2246 1859; x_wconf 88' lang='lat' dir='ltr'><strong>vel</strong></span> <span class='ocrx_word' id='word_1_117' title='bbox 2290 1783 2630 1859; x_wconf 88' lang='lat' dir='ltr'><strong>sectiones</strong></span> <span class='ocrx_word' id='word_1_118' title='bbox 2675 1784 3003 1883; x_wconf 86' lang='lat' dir='ltr'><strong>oppofitae</strong></span> <span class='ocrx_word' id='word_1_119' title='bbox 3051 1810 3178 1886; x_wconf 90' lang='lat' dir='ltr'><strong>per</strong></span> <span class='ocrx_word' id='word_1_120' title='bbox 3207 1789 3369 1861; x_wconf 93' lang='lat' dir='ltr'><strong>Cor.</strong></span> <span class='ocrx_word' id='word_1_121' title='bbox 3423 1812 3485 1880; x_wconf 85' lang='lat'><strong>3.</strong></span> <span class='ocrx_word' id='word_1_122' title='bbox 3531 1788 3654 1883; x_wconf 87' lang='lat'><strong>56.</strong></span> 
     </span>
    </p>
   </div>
   <div class='ocr_carea' id='block_1_8' title="bbox 1032 1895 3668 2088">
    <p class='ocr_par' dir='ltr' id='par_1_8' title="bbox 1032 1895 3668 2088">
     <span class='ocr_line' id='line_1_17' title="bbox 1032 1895 3668 2003; baseline 0.005 -34"><span class='ocrx_word' id='word_1_123' title='bbox 1032 1895 1150 1972; x_wconf 90' lang='lat' dir='ltr'><strong>lib.</strong></span> <span class='ocrx_word' id='word_1_124' title='bbox 1206 1918 1272 1970; x_wconf 88' lang='lat'><strong>1.</strong></span> <span class='ocrx_word' id='word_1_125' title='bbox 1319 1896 1445 1972; x_wconf 84' lang='lat' dir='ltr'><strong>fibi</strong></span> <span class='ocrx_word' id='word_1_126' title='bbox 1492 1899 1801 1975; x_wconf 89' lang='lat' dir='ltr'><strong>invicem</strong></span> <span class='ocrx_word' id='word_1_127' title='bbox 1849 1924 2216 1976; x_wconf 90' lang='lat' dir='ltr'><strong>occurrere</strong></span> <span class='ocrx_word' id='word_1_128' title='bbox 2260 1921 2629 2001; x_wconf 86' lang='lat' dir='ltr'><strong>nequeunt</strong></span> <span class='ocrx_word' id='word_1_129' title='bbox 2654 1902 2729 1977; x_wconf 90' lang='lat' dir='ltr'><strong>in</strong></span> <span class='ocrx_word' id='word_1_130' title='bbox 2771 1905 3090 2003; x_wconf 88' lang='lat' dir='ltr'><strong>quinque</strong></span> <span class='ocrx_word' id='word_1_131' title='bbox 3118 1903 3402 2001; x_wconf 87' lang='lat' dir='ltr'><strong>punctis</strong></span> <span class='ocrx_word' id='word_1_132' title='bbox 3436 1907 3668 1982; x_wconf 89' lang='lat' dir='ltr'><strong>multo</strong></span> 
     </span>
     <span class='ocr_line' id='line_1_18' title="bbox 1032 2011 1540 2088; baseline 0.008 -5"><span class='ocrx_word' id='word_1_133' title='bbox 1032 2011 1271 2084; x_wconf 88' lang='lat' dir='ltr'><strong>minus</strong></span> <span class='ocrx_word' id='word_1_134' title='bbox 1302 2012 1372 2085; x_wconf 91' lang='lat' dir='ltr'><strong>in</strong></span> <span class='ocrx_word' id='word_1_135' title='bbox 1406 2012 1540 2088; x_wconf 86' lang='lat' dir='ltr'><strong>sex.</strong></span> 
     </span>
    </p>
   </div>
   <div class='ocr_carea' id='block_1_9' title="bbox 1035 2116 3752 2340">
    <p class='ocr_par' dir='ltr' id='par_1_9' title="bbox 1035 2116 3752 2340">
     <span class='ocr_line' id='line_1_19' title="bbox 1124 2116 3671 2239; baseline 0.01 -51"><span class='ocrx_word' id='word_1_136' title='bbox 1124 2122 1316 2195; x_wconf 76' lang='lat' dir='ltr'><strong>‚Haec</strong></span> <span class='ocrx_word' id='word_1_137' title='bbox 1365 2116 1746 2220; x_wconf 75' lang='lat' dir='ltr'><strong>Propositio</strong></span> <span class='ocrx_word' id='word_1_138' title='bbox 1790 2124 2072 2222; x_wconf 84' lang='lat' dir='ltr'><strong>ejusque</strong></span> <span class='ocrx_word' id='word_1_139' title='bbox 2126 2126 2487 2201; x_wconf 89' lang='lat' dir='ltr'><strong>corollaria</strong></span> <span class='ocrx_word' id='word_1_140' title='bbox 2543 2144 2624 2202; x_wconf 89' lang='lat' dir='ltr'><strong>ut</strong></span> <span class='ocrx_word' id='word_1_141' title='bbox 2680 2144 2754 2203; x_wconf 89' lang='lat' dir='ltr'><strong>et</strong></span> <span class='ocrx_word' id='word_1_142' title='bbox 2799 2130 3063 2228; x_wconf 86' lang='lat' dir='ltr'><strong>Propp.</strong></span> <span class='ocrx_word' id='word_1_143' title='bbox 3121 2151 3230 2232; x_wconf 84' lang='lat'><strong>14.</strong></span> <span class='ocrx_word' id='word_1_144' title='bbox 3297 2153 3414 2230; x_wconf 66' lang='lat'><strong>15:</strong></span> <span class='ocrx_word' id='word_1_145' title='bbox 3462 2132 3671 2239; x_wconf 76' lang='lat' dir='ltr'><strong>hujus</strong></span> 
     </span>
     <span class='ocr_line' id='line_1_20' title="bbox 1035 2233 3752 2340; baseline 0.006 -34"><span class='ocrx_word' id='word_1_146' title='bbox 1035 2233 1498 2310; x_wconf 85' lang='lat' dir='ltr'><strong>desumuntur</strong></span> <span class='ocrx_word' id='word_1_147' title='bbox 1527 2261 1616 2311; x_wconf 84' lang='lat' dir='ltr'><strong>ex</strong></span> <span class='ocrx_word' id='word_1_148' title='bbox 1637 2260 1851 2338; x_wconf 88' lang='lat' dir='ltr'><strong>opera</strong></span> <span class='ocrx_word' id='word_1_149' title='bbox 1879 2239 2085 2317; x_wconf 88' lang='lat' dir='ltr'><strong>illust.</strong></span> <span class='ocrx_word' id='word_1_150' title='bbox 2137 2240 2526 2318; x_wconf 66' lang='lat' dir='ltr'><strong>Marchzbmzr</strong></span> <span class='ocrx_word' id='word_1_151' title='bbox 2551 2243 2625 2316; x_wconf 82' lang='lat' dir='ltr'><strong>de</strong></span> <span class='ocrx_word' id='word_1_152' title='bbox 2644 2241 2700 2314; x_wconf 89' lang='lat' dir='ltr'><strong>l&#39;</strong></span> <span class='ocrx_word' id='word_1_153' title='bbox 2722 2241 3027 2340; x_wconf 68' lang='lat' dir='ltr'><strong>ffispital.</strong></span> <span class='ocrx_word' id='word_1_154' title='bbox 3255 2263 3262 2272; x_wconf 87' lang='lat'><strong>·</strong></span> <span class='ocrx_word' id='word_1_155' title='bbox 3747 2239 3752 2242; x_wconf 69' lang='grc'><em>’</em></span> 
     </span>
    </p>
   </div>
   <div class='ocr_carea' id='block_1_10' title="bbox 2027 2439 2702 2515">
    <p class='ocr_par' dir='ltr' id='par_1_10' title="bbox 2027 2439 2702 2515">
     <span class='ocr_line' id='line_1_21' title="bbox 2027 2439 2702 2515; baseline 0.001 -1"><span class='ocrx_word' id='word_1_156' title='bbox 2027 2439 2451 2515; x_wconf 91' lang='lat' dir='ltr'><strong>PROP.</strong></span> <span class='ocrx_word' id='word_1_157' title='bbox 2563 2441 2702 2515; x_wconf 87' lang='lat' dir='ltr'><strong>XI.</strong></span> 
     </span>
    </p>
   </div>
   <div class='ocr_carea' id='block_1_11' title="bbox 1057 2615 3657 3251">
    <p class='ocr_par' dir='ltr' id='par_1_11' title="bbox 1057 2615 3657 3251">
     <span class='ocr_line' id='line_1_22' title="bbox 1057 2615 3648 2736; baseline 0.006 -34"><span class='ocrx_word' id='word_1_158' title='bbox 1057 2615 1321 2732; x_wconf 83' lang='lat' dir='ltr'><strong>Ellipfi</strong></span> <span class='ocrx_word' id='word_1_159' title='bbox 1376 2636 1508 2703; x_wconf 88' lang='lat' dir='ltr'><strong>aut</strong></span> <span class='ocrx_word' id='word_1_160' title='bbox 1570 2619 2037 2732; x_wconf 88' lang='lat' dir='ltr'><strong>Hyperbolis</strong></span> <span class='ocrx_word' id='word_1_161' title='bbox 2100 2622 2458 2735; x_wconf 87' lang='lat' dir='ltr'><strong>oppofitis</strong></span> <span class='ocrx_word' id='word_1_162' title='bbox 2516 2620 2885 2736; x_wconf 82' lang='lat' dir='ltr'><strong>politione</strong></span> <span class='ocrx_word' id='word_1_163' title='bbox 2948 2626 3137 2710; x_wconf 89' lang='lat' dir='ltr'><strong>datis</strong></span> <span class='ocrx_word' id='word_1_164' title='bbox 3203 2627 3648 2716; x_wconf 85' lang='lat' dir='ltr'><strong>inscribatur</strong></span> 
     </span>
     <span class='ocr_line' id='line_1_23' title="bbox 1167 2749 3657 2860; baseline 0.008 -32"><span class='ocrx_word' id='word_1_165' title='bbox 1167 2749 1979 2860; x_wconf 86' lang='lat' dir='ltr'><strong>parallelogrammum</strong></span> <span class='ocrx_word' id='word_1_166' title='bbox 2012 2753 2360 2847; x_wconf 90' lang='lat' dir='ltr'>KLNO‚</span> <span class='ocrx_word' id='word_1_167' title='bbox 2387 2753 2443 2833; x_wconf 92' lang='lat' dir='ltr'><strong>fi</strong></span> <span class='ocrx_word' id='word_1_168' title='bbox 2471 2753 2838 2835; x_wconf 88' lang='lat' dir='ltr'><strong>diameter</strong></span> <span class='ocrx_word' id='word_1_169' title='bbox 2861 2756 3004 2835; x_wconf 94' lang='lat' dir='ltr'><strong>AB</strong></span> <span class='ocrx_word' id='word_1_170' title='bbox 3033 2755 3380 2842; x_wconf 87' lang='lat' dir='ltr'><strong>bifariam</strong></span> <span class='ocrx_word' id='word_1_171' title='bbox 3404 2762 3657 2848; x_wconf 85' lang='lat' dir='ltr'><strong>secans</strong></span> 
     </span>
     <span class='ocr_line' id='line_1_24' title="bbox 1158 2872 3641 2993; baseline 0.008 -39"><span class='ocrx_word' id='word_1_172' title='bbox 1158 2872 1390 2956; x_wconf 88' lang='lat' dir='ltr'><strong>latera</strong></span> <span class='ocrx_word' id='word_1_173' title='bbox 1411 2877 1568 2985; x_wconf 84' lang='lat' dir='ltr'><strong>ejus</strong></span> <span class='ocrx_word' id='word_1_174' title='bbox 1593 2878 1932 2991; x_wconf 84' lang='lat' dir='ltr'><strong>oppofita</strong></span> <span class='ocrx_word' id='word_1_175' title='bbox 1958 2880 2038 2959; x_wconf 89' lang='lat' dir='ltr'><strong>in</strong></span> <span class='ocrx_word' id='word_1_176' title='bbox 2070 2881 2148 2958; x_wconf 90' lang='lat' dir='ltr'>R</span> <span class='ocrx_word' id='word_1_177' title='bbox 2186 2881 2263 2958; x_wconf 77' lang='grc' dir='ltr'><strong>δε</strong></span> <span class='ocrx_word' id='word_1_178' title='bbox 2298 2881 2345 2959; x_wconf 90' lang='lat' dir='ltr'>S</span> <span class='ocrx_word' id='word_1_179' title='bbox 2385 2880 2716 2988; x_wconf 83' lang='lat' dir='ltr'><strong>punctis,</strong></span> <span class='ocrx_word' id='word_1_180' title='bbox 2742 2879 3040 2993; x_wconf 88' lang='lat' dir='ltr'><strong>semper</strong></span> <span class='ocrx_word' id='word_1_181' title='bbox 3069 2883 3641 2977; x_wconf 17' lang='lat' dir='ltr'><strong>datamxhabeat</strong></span> 
     </span>
     <span class='ocr_line' id='line_1_25' title="bbox 1148 3001 3654 3114; baseline 0.01 -34"><span class='ocrx_word' id='word_1_182' title='bbox 1148 3001 1543 3084; x_wconf 79' lang='lat' dir='ltr'><strong>rationem</strong></span> <span class='ocrx_word' id='word_1_183' title='bbox 1579 3005 1672 3083; x_wconf 91' lang='lat' dir='ltr'><strong>ad</strong></span> <span class='ocrx_word' id='word_1_184' title='bbox 1718 3005 1943 3114; x_wconf 85' lang='lat' dir='ltr'><strong>ipfius</strong></span> <span class='ocrx_word' id='word_1_185' title='bbox 1978 3005 2465 3113; x_wconf 87' lang='lat' dir='ltr'><strong>segmentum</strong></span> <span class='ocrx_word' id='word_1_186' title='bbox 2519 3007 2648 3087; x_wconf 88' lang='lat' dir='ltr'><strong>RS</strong></span> <span class='ocrx_word' id='word_1_187' title='bbox 2724 3006 2919 3088; x_wconf 88' lang='lat' dir='ltr'><strong>inter</strong></span> <span class='ocrx_word' id='word_1_188' title='bbox 2957 3008 3091 3090; x_wconf 88' lang='lat' dir='ltr'><strong>ista</strong></span> <span class='ocrx_word' id='word_1_189' title='bbox 3163 3011 3392 3094; x_wconf 90' lang='lat' dir='ltr'><strong>latera</strong></span> <span class='ocrx_word' id='word_1_190' title='bbox 3414 3055 3440 3112; x_wconf 80' lang='lat'><em>3</em></span> <span class='ocrx_word' id='word_1_191' title='bbox 3510 3023 3654 3104; x_wconf 88' lang='lat' dir='ltr'><strong>erit</strong></span> 
     </span>
     <span class='ocr_line' id='line_1_26' title="bbox 1150 3129 3645 3251; baseline 0.011 -45"><span class='ocrx_word' id='word_1_192' title='bbox 1150 3129 2331 3242; x_wconf 53' lang='lat' dir='ltr'><strong>⁴parallelogrammum‘KLNO</strong></span> <span class='ocrx_word' id='word_1_193' title='bbox 2367 3132 2665 3245; x_wconf 84' lang='lat' dir='ltr'><strong>semper</strong></span> <span class='ocrx_word' id='word_1_194' title='bbox 2704 3134 3042 3243; x_wconf 89' lang='lat' dir='ltr'><strong>ejusdem</strong></span> <span class='ocrx_word' id='word_1_195' title='bbox 3071 3141 3645 3251; x_wconf 87' lang='lat' dir='ltr'><strong>magnitudinis.·</strong></span> 
     </span>
    </p>
   </div>
   <div class='ocr_carea' id='block_1_12' title="bbox 1044 3330 3682 3566">
    <p class='ocr_par' dir='ltr' id='par_1_12' title="bbox 1044 3330 3682 3566">
     <span class='ocr_line' id='line_1_27' title="bbox 1044 3330 3682 3526; baseline 0.011 -123"><span class='ocrx_word' id='word_1_196' title='bbox 1044 3330 1354 3526; x_wconf 83' lang='lat' dir='ltr'>·SIT</span> <span class='ocrx_word' id='word_1_197' title='bbox 1422 3334 1483 3408; x_wconf 92' lang='lat' dir='ltr'>C</span> <span class='ocrx_word' id='word_1_198' title='bbox 1542 3354 1866 3410; x_wconf 90' lang='lat' dir='ltr'><strong>centrum</strong></span> <span class='ocrx_word' id='word_1_199' title='bbox 1912 3334 2256 3427; x_wconf 80' lang='lat' dir='ltr'><strong>sectioniS‚</strong></span> <span class='ocrx_word' id='word_1_200' title='bbox 2332 3351 2545 3412; x_wconf 89' lang='lat' dir='ltr'><strong>erunt</strong></span> <span class='ocrx_word' id='word_1_201' title='bbox 2593 3336 2752 3428; x_wconf 88' lang='lat' dir='ltr'><strong>CR,</strong></span> <span class='ocrx_word' id='word_1_202' title='bbox 2803 3338 2916 3415; x_wconf 90' lang='lat' dir='ltr'><strong>CS</strong></span> <span class='ocrx_word' id='word_1_203' title='bbox 2963 3344 3271 3440; x_wconf 80' lang='lat' dir='ltr'><strong>aequales</strong></span> <span class='ocrx_word' id='word_1_204' title='bbox 3329 3368 3410 3424; x_wconf 90' lang='lat' dir='ltr'><strong>ut</strong></span> <span class='ocrx_word' id='word_1_205' title='bbox 3457 3366 3682 3452; x_wconf 84' lang='lat' dir='ltr'><strong>patet,&#39;</strong></span> 
     </span>
     <span class='ocr_line' id='line_1_28' title="bbox 1240 3446 3680 3566; baseline 0.011 -49"><span class='ocrx_word' id='word_1_206' title='bbox 1240 3446 1540 3519; x_wconf 82' lang='lat' dir='ltr'><strong>‘ducatur</strong></span> <span class='ocrx_word' id='word_1_207' title='bbox 1570 3450 1914 3522; x_wconf 82' lang='lat' dir='ltr'><strong>‘diameter</strong></span> <span class='ocrx_word' id='word_1_208' title='bbox 1957 3448 2112 3521; x_wconf 86' lang='lat' dir='ltr'><strong>Mm</strong></span> <span class='ocrx_word' id='word_1_209' title='bbox 2138 3447 2466 3544; x_wconf 84' lang='lat' dir='ltr'><strong>parallela</strong></span> <span class='ocrx_word' id='word_1_210' title='bbox 2493 3449 2825 3524; x_wconf 87' lang='lat' dir='ltr'><strong>lateribus</strong></span> <span class='ocrx_word' id='word_1_211' title='bbox 2865 3451 3029 3545; x_wconf 85' lang='lat' dir='ltr'><strong>LN,</strong></span> <span class='ocrx_word' id='word_1_212' title='bbox 3075 3457 3240 3551; x_wconf 88' lang='grc' dir='ltr'><strong>ΚΟ,</strong></span> <span class='ocrx_word' id='word_1_213' title='bbox 3274 3464 3403 3537; x_wconf 91' lang='lat' dir='ltr'><strong>erit</strong></span> <span class='ocrx_word' id='word_1_214' title='bbox 3438 3468 3680 3566; x_wconf 87' lang='lat' dir='ltr'><strong>conju-</strong></span> 
     </span>
    </p>
   </div>
   <div class='ocr_carea' id='block_1_13' title="bbox 1073 3556 3688 3896">
    <p class='ocr_par' dir='ltr' id='par_1_13' title="bbox 1073 3556 3688 3896">
     <span class='ocr_line' id='line_1_29' title="bbox 1073 3556 3688 3676; baseline 0.011 -46"><span class='ocrx_word' id='word_1_215' title='bbox 1073 3576 1237 3655; x_wconf 89' lang='lat' dir='ltr'><strong>gata</strong></span> <span class='ocrx_word' id='word_1_216' title='bbox 1268 3556 1389 3654; x_wconf 75' lang='lat' dir='ltr'><strong>ipsi</strong></span> <span class='ocrx_word' id='word_1_217' title='bbox 1411 3557 1531 3633; x_wconf 77' lang='lat' dir='ltr'><strong>AB</strong></span> <span class='ocrx_word' id='word_1_218' title='bbox 1561 3599 1582 3648; x_wconf 84' lang='lat'>;</span> <span class='ocrx_word' id='word_1_219' title='bbox 1629 3563 1811 3633; x_wconf 91' lang='lat' dir='ltr'><strong>circa</strong></span> <span class='ocrx_word' id='word_1_220' title='bbox 1841 3560 1963 3633; x_wconf 90' lang='lat' dir='ltr'><strong>has</strong></span> <span class='ocrx_word' id='word_1_221' title='bbox 1994 3560 2399 3658; x_wconf 86' lang='lat' dir='ltr'><strong>conjugatas</strong></span> <span class='ocrx_word' id='word_1_222' title='bbox 2458 3562 2881 3636; x_wconf 85' lang='lat' dir='ltr'><strong>describatur</strong></span> <span class='ocrx_word' id='word_1_223' title='bbox 2906 3569 3688 3676; x_wconf 80' lang='lat' dir='ltr'><strong>parallelogrammum,</strong></span> 
     </span>
     <span class='ocr_line' id='line_1_30' title="bbox 1074 3675 3685 3791; baseline 0.001 -43"><span class='ocrx_word' id='word_1_224' title='bbox 1074 3675 1208 3748; x_wconf 90' lang='lat' dir='ltr'><strong>erit</strong></span> <span class='ocrx_word' id='word_1_225' title='bbox 1255 3676 1776 3773; x_wconf 66' lang='lat' dir='ltr'><strong>aequiangulum</strong></span> <span class='ocrx_word' id='word_1_226' title='bbox 1838 3676 2499 3775; x_wconf 87' lang='lat' dir='ltr'><strong>parallelogrammo</strong></span> <span class='ocrx_word' id='word_1_227' title='bbox 2549 3676 2859 3771; x_wconf 89' lang='lat' dir='ltr'><strong>KLNO,</strong></span> <span class='ocrx_word' id='word_1_228' title='bbox 2901 3699 2973 3755; x_wconf 88' lang='lat' dir='ltr'><strong>et</strong></span> <span class='ocrx_word' id='word_1_229' title='bbox 3022 3685 3319 3779; x_wconf 89' lang='lat' dir='ltr'><strong>proinde</strong></span> <span class='ocrx_word' id='word_1_230' title='bbox 3355 3688 3502 3766; x_wconf 84' lang='lat' dir='ltr'><strong>haec</strong></span> <span class='ocrx_word' id='word_1_231' title='bbox 3561 3718 3685 3791; x_wconf 75' lang='lat' dir='ltr'><strong>pa-</strong></span> 
     </span>
     <span class='ocr_line' id='line_1_31' title="bbox 1077 3788 3688 3896; baseline 0.009 -36"><span class='ocrx_word' id='word_1_232' title='bbox 1077 3788 1635 3888; x_wconf 74' lang='lat' dir='ltr'><strong>rallelogramma</strong></span> <span class='ocrx_word' id='word_1_233' title='bbox 1695 3791 1851 3864; x_wconf 89' lang='lat' dir='ltr'><strong>sunt</strong></span> <span class='ocrx_word' id='word_1_234' title='bbox 1878 3792 2086 3866; x_wconf 76' lang='lat' dir='ltr'><strong>inter</strong></span> <span class='ocrx_word' id='word_1_235' title='bbox 2145 3792 2209 3867; x_wconf 93' lang='lat' dir='ltr'><strong>se</strong></span> <span class='ocrx_word' id='word_1_236' title='bbox 2266 3793 2339 3865; x_wconf 90' lang='lat' dir='ltr'><strong>in</strong></span> <span class='ocrx_word' id='word_1_237' title='bbox 2400 3792 2666 3866; x_wconf 90' lang='lat' dir='ltr'><strong>ratione</strong></span> <span class='ocrx_word' id='word_1_238' title='bbox 2717 3792 3100 3896; x_wconf 87' lang='lat' dir='ltr'><strong>compofita</strong></span> <span class='ocrx_word' id='word_1_239' title='bbox 3154 3823 3243 3874; x_wconf 84' lang='lat' dir='ltr'><strong>ex</strong></span> <span class='ocrx_word' id='word_1_240' title='bbox 3299 3806 3688 3883; x_wconf 89' lang='lat' dir='ltr'><strong>rationibus</strong></span> 
     </span>
    </p>
   </div>
   <div class='ocr_carea' id='block_1_14' title="bbox 1075 3902 3688 4125">
    <p class='ocr_par' dir='ltr' id='par_1_14' title="bbox 1075 3902 3688 4125">
     <span class='ocr_line' id='line_1_32' title="bbox 1075 3902 3688 4015; baseline 0.008 -39"><span class='ocrx_word' id='word_1_241' title='bbox 1075 3903 1430 3990; x_wconf 87' lang='lat' dir='ltr'><strong>laterum;</strong></span> <span class='ocrx_word' id='word_1_242' title='bbox 1496 3928 1619 4003; x_wconf 89' lang='lat' dir='ltr'><strong>per</strong></span> <span class='ocrx_word' id='word_1_243' title='bbox 1649 3903 2059 4002; x_wconf 75' lang='lat' dir='ltr'><strong>hypothesin</strong></span> <span class='ocrx_word' id='word_1_244' title='bbox 2092 3906 2269 3978; x_wconf 90' lang='lat' dir='ltr'><strong>ratio</strong></span> <span class='ocrx_word' id='word_1_245' title='bbox 2323 3902 2529 4000; x_wconf 73' lang='lat' dir='ltr'><strong>ipsius</strong></span> <span class='ocrx_word' id='word_1_246' title='bbox 2578 3904 2700 3979; x_wconf 88' lang='lat' dir='ltr'><strong>AB</strong></span> <span class='ocrx_word' id='word_1_247' title='bbox 2754 3910 2842 3982; x_wconf 91' lang='lat' dir='ltr'><strong>ad</strong></span> <span class='ocrx_word' id='word_1_248' title='bbox 2892 3908 3013 3983; x_wconf 91' lang='lat' dir='ltr'><strong>RS</strong></span> <span class='ocrx_word' id='word_1_249' title='bbox 3070 3908 3211 3986; x_wconf 88' lang='lat' dir='ltr'><strong>five</strong></span> <span class='ocrx_word' id='word_1_250' title='bbox 3273 3914 3405 3990; x_wconf 91' lang='lat' dir='ltr'><strong>KL</strong></span> <span class='ocrx_word' id='word_1_251' title='bbox 3452 3920 3688 4015; x_wconf 86' lang='lat' dir='ltr'><strong>datur,</strong></span> 
     </span>
     <span class='ocr_line' id='line_1_33' title="bbox 1078 4012 3688 4125; baseline 0.005 -35"><span class='ocrx_word' id='word_1_252' title='bbox 1078 4039 1247 4113; x_wconf 88' lang='lat' dir='ltr'><strong>ergo</strong></span> <span class='ocrx_word' id='word_1_253' title='bbox 1274 4015 1479 4089; x_wconf 84' lang='lat' dir='ltr'><strong>datur</strong></span> <span class='ocrx_word' id='word_1_254' title='bbox 1527 4014 1700 4088; x_wconf 87' lang='lat' dir='ltr'><strong>ratio</strong></span> <span class='ocrx_word' id='word_1_255' title='bbox 1728 4017 2046 4110; x_wconf 83' lang='lat' dir='ltr'><strong>quadrati</strong></span> <span class='ocrx_word' id='word_1_256' title='bbox 2087 4041 2174 4088; x_wconf 85' lang='lat' dir='ltr'><strong>ex</strong></span> <span class='ocrx_word' id='word_1_257' title='bbox 2207 4012 2331 4087; x_wconf 89' lang='lat' dir='ltr'><strong>CB</strong></span> <span class='ocrx_word' id='word_1_258' title='bbox 2367 4015 2488 4106; x_wconf 87' lang='lat' dir='ltr'><strong>(ad</strong></span> <span class='ocrx_word' id='word_1_259' title='bbox 2516 4019 2940 4112; x_wconf 89' lang='lat' dir='ltr'><strong>quadratum</strong></span> <span class='ocrx_word' id='word_1_260' title='bbox 2987 4045 3076 4095; x_wconf 84' lang='lat' dir='ltr'><strong>ex</strong></span> <span class='ocrx_word' id='word_1_261' title='bbox 3123 4024 3278 4119; x_wconf 80' lang='lat' dir='ltr'><strong>CR,</strong></span> <span class='ocrx_word' id='word_1_262' title='bbox 3331 4025 3407 4101; x_wconf 74' lang='grc' dir='ltr'><strong>δε</strong></span> <span class='ocrx_word' id='word_1_263' title='bbox 3439 4029 3688 4125; x_wconf 88' lang='lat' dir='ltr'><strong>igitur)</strong></span> 
     </span>
    </p>
   </div>
   <div class='ocr_carea' id='block_1_15' title="bbox 1081 4126 3688 4333">
    <p class='ocr_par' dir='ltr' id='par_1_15' title="bbox 1081 4126 3688 4333">
     <span class='ocr_line' id='line_1_34' title="bbox 1081 4126 3684 4237; baseline 0.006 -34"><span class='ocrx_word' id='word_1_264' title='bbox 1081 4132 1173 4203; x_wconf 88' lang='lat' dir='ltr'><strong>ad</strong></span> <span class='ocrx_word' id='word_1_265' title='bbox 1224 4129 1713 4230; x_wconf 79' lang='lat' dir='ltr'><strong>rectangulum</strong></span> <span class='ocrx_word' id='word_1_266' title='bbox 1751 4126 1945 4207; x_wconf 89' lang='lat' dir='ltr'><strong>ARB</strong></span> <span class='ocrx_word' id='word_1_267' title='bbox 2023 4127 2525 4235; x_wconf 80' lang='lat' dir='ltr'><strong>(differentiam</strong></span> <span class='ocrx_word' id='word_1_268' title='bbox 2574 4131 2729 4212; x_wconf 85' lang='lat' dir='ltr'><strong>seiz.</strong></span> <span class='ocrx_word' id='word_1_269' title='bbox 2781 4132 2964 4212; x_wconf 88' lang='lat' dir='ltr'><strong>inter</strong></span> <span class='ocrx_word' id='word_1_270' title='bbox 3038 4141 3379 4237; x_wconf 87' lang='lat' dir='ltr'><strong>quadrata</strong></span> <span class='ocrx_word' id='word_1_271' title='bbox 3423 4163 3513 4217; x_wconf 85' lang='lat' dir='ltr'><strong>ex</strong></span> <span class='ocrx_word' id='word_1_272' title='bbox 3561 4142 3684 4218; x_wconf 91' lang='lat' dir='ltr'><strong>CB</strong></span> 
     </span>
     <span class='ocr_line' id='line_1_35' title="bbox 3612 4273 3688 4333; baseline 0.013 -1"><span class='ocrx_word' id='word_1_273' title='bbox 3612 4273 3688 4333; x_wconf 81' lang='lat' dir='ltr'><strong>et</strong></span> 
     </span>
    </p>
   </div>
  </div>
 </body>
</html>
