4196 5352
1136 529 1375 653 374
1542 482 3355 711 SffiffimmnffimhwanffisV.

1825 707 2570 931 ‘' PROP.3
2613 797 2716 877 v.

812 981 957 1047 aa,
985 994 1045 1060 9
1119 985 1206 1066 In
1238 982 1619 1070 diametro
1642 959 1977 1074 sectionis
2008 989 2298 1079 conicae
2336 962 2505 1078 DR
2524 987 2914 1069 sumantur
2936 985 3095 1068 duo
3130 1002 3417 1097 puncta
3450 990 3555 1088 A,
3584 988 3689 1087 B,-

741 1077 809 1119 10
812 1075 1047 1126 ‚1112-

1231 1111 1363 1215 (ad
1403 1111 1719 1191 diversas
1747 1129 1991 1221 partes
2029 1112 2267 1195 centri
2313 1111 2370 1191 fi
2434 1110 2663 1194 fuerit
2729 1114 2890 1192 DR
2936 1110 3330 1194 diameter
3365 1111 3688 1197 secunda

1232 1237 1722 1345 Hyperbolae,
1784 1237 1988 1317 secus
2026 1239 2118 1317 ad
2150 1239 2485 1339 easdem)
2527 1241 2627 1317 ita
2667 1257 2749 1315 ut
2789 1239 2867 1317 in
2905 1239 3167 1347 Ellipfi
3203 1259 3329 1319 aut
3371 1243 3687 1351 Hyper-

1224 1361 1420 1455 bola,
1486 1363 2030 1441 semidiameter
2064 1365 2214 1441 CD
2268 1363 2515 1441 media
2567 1365 2651 1439 s1t
2675 1365 3247 1471 proportionalis
3287 1365 3477 1443 inter
3503 1367 3679 1463 CA,

1220 1487 1384 1587 CB,
1420 1487 1790 1565 distantias¹
1828 1503 2292 1593 punctorum
2320 1513 2364 1562 a
2395 1505 2655 1565 centro
2697 1487 2767 1565 C
2801 1525 2823 1579 3
2881 1489 2957 1565 in
3001 1489 3355 1569 Parabola
3385 1519 3565 1569 vero
3601 1509 3689 1571 ut

1218 1609 1404 1705 DA,
1460 1611 1604 1687 DB
1656 1609 2014 1691 distantiae
2066 1629 2531 1719 punctorum
2587 1639 2627 1689 a
2663 1611 2937 1689 vertice
3003 1615 3081 1692 D
3153 1615 3293 1691 fint
3357 1615 3549 1695 inter
3611 1617 3685 1695 se

1126 1733 1128 1738 ¹
1214 1736 1584 1843 aequale&
1648 1739 1726 1813 δε
1762 1763 1894 1843 per
1920 1735 2086 1817 haec
2118 1757 2399 1845 puncta
2439 1741 2537 1831 A,
2577 1739 2637 1815 B
2663 1737 3031 1817 ducantur
3073 1761 3287 1819 rectae
3321 1743 3503 1835 AT,
3539 1743 3695 1839 BQ

1206 1861 1574 1969 paralellae
1622 1863 2026 1941 ordinatim
2062 1865 2447 1973 applicatis
2487 1865 2855 1943 diametro
2895 1867 3099 1943 DR:
3141 1869 3196 1945 fi
3247 1895 3377 1976 per
3409 1867 3687 1947 alteru-

1208 2009 1414 2069 trum
1446 2009 1908 2098 punctorum
1944 1993 2020 2069 A
2058 1991 2178 2071 vel
2208 1993 2294 2085 B,
2328 2011 2509 2099 puta
2551 1997 2639 2087 Β,
2694 1993 3011 2071 ducatur
3041 2015 3241 2073 recta
3275 1997 3683 2075 sectionem

1208 2115 1328 2191 vel
1382 2115 1738 2193 sectiones
1792 2113 2168 2223 oppositas
2220 2115 2469 2195 secans
2525 2117 2599 2195 in
2651 2115 2947 2195 duobus
2997 2121 3295 2225 punctis
3335 2123 3409 2197 Ο
3449 2125 3525 2199 ἃ,
3565 2125 3681 2217 P;

1202 2241 1372 2333 Fo,
1442 2241 1598 2335 FP,
1658 2267 1828 2347 quae
1902 2241 1980 2317 in
2052 2241 2198 2325 istis
2268 2241 2567 2347 punctis
2631 2241 3063 2341 sectionem,
3145 2245 3265 2323 vel
3325 2247 3683 2331 sectiones

1204 2367 1680 2475 contingunt,
1770 2385 1990 2447 erunt
2068 2365 2188 2443 vel
2276 2367 2647 2475 parallelae
2713 2385 2929 2447 rectae
3007 2371 3187 2465 AT,
3281 2399 3415 2478 per
3497 2375 3681 2453 alte·-

1206 2515 1380 2568 rum
1424 2507 1798 2594 punctum
1840 2493 1914 2564 A
1956 2491 2224 2582 ductae,
2284 2491 2403 2564 vel
2457 2491 2551 2563 ad
2603 2489 2819 2566 istam
2857 2511 3139 2570 rectam
3179 2495 3313 2570 fibi
3353 2497 3677 2576 invicem

1218 2632 1640 2692 occurrent.

1230 2826 1260 2896 I
1308 2824 1538 2896 secans
1558 2846 1678 2920 per
1702 2824 1758 2898 B
1784 2824 1996 2898 ducta
2036 2822 2383 2896 coincidat
2406 2842 2573 2892 cum
2601 2818 2945 2892 diametro
2995 2818 3161 2910 DR,
3194 2838 3385 2916 patet
3409 2830 3679 2902 contin-

1262 2956 1504 3030 gentes
1536 2960 1658 3032 per
1692 2941 1982 3010 vertices
2018 2934 2162 3028 ejus
2192 2934 2439 3006 ductas
2473 2930 2601 3002 effe
2633 2930 2993 3026 paralellas
3043 2949 3247 3004 rectae
3281 2934 3451 3026 AT,
3517 2944 3681 3033 quia

980 3144 1005 3159 θ
1080 3050 1234 3120 sunt
1264 3048 1600 3144 parallelae
1626 3052 2006 3122 ordinatim
2038 3044 2399 3142 applicatis
2423 3044 2771 3116 diametro
2807 3042 2967 3118 DR.

1179 3178 1246 3250 Si
1297 3202 1462 3246 vero
1515 3194 1858 3268 punctum
1908 3171 1964 3242 B
2018 3172 2098 3244 fit
2146 3174 2328 3242 intra
2377 3172 2775 3264 sectionem,
2839 3174 2951 3246 vel
3017 3174 3193 3250 inter
3233 3176 3681 3276 Hyperbolas

1082 3299 1156 3366 ὅτ
1200 3294 1432 3364 secans
1472 3288 1814 3360 coincidat
1846 3308 2010 3358 cum
2063 3286 2200 3378 ipsa
2228 3284 2491 3376 BQ&
2541 3306 2857 3360 occurrat
2907 3288 3185 3362 sectioni
3235 3296 3345 3366 vel
3403 3300 3713 3392 utrique·

1078 3406 1352 3482 sectioni
1410 3406 1480 3476 in
1530 3398 1734 3492 Q&
1784 3404 1854 3490 S,
1908 3417 2098 3494 patet
2154 3418 2533 3494 congentes
2585 3424 2709 3494 per
2743 3404 2941 3492 Q&
2997 3402 3041 3470 S
3093 3404 3365 3498 ductae,
3407 3406 3529 3482 sibi
3575 3412 3709 3496 in·-¹

1078 3522 1308 3590 vicem
1362 3538 1718 3588 occurrere
1758 3516 1826 3584 in
1876 3512 2016 3606 ipso
2048 3528 2310 3606 puncto
2343 3510 2431 3596 A,
2485 3512 2649 3602 quia
2691 3512 2839 3582 sciz.
2875 3510 2945 3580 in
2981 3512 3213 3610 Ellipfi
3245 3520 3351 3590 vel
3401 3524 3715 3618 Hyper-·

1083 3632 1266 3720 bola,
1320 3628 1466 3718 CB,
1488 3624 1656 3714 CD,
1690 3626 1819 3696 CA
1850 3624 2004 3694 sunt
2028 3622 2573 3716 proportionales
2605 3628 2679 3696 ὅτ
2711 3622 2781 3694 in
2809 3624 3145 3720 Parabola
3167 3626 3331 3722 DA,
3365 3630 3493 3704 DB
3523 3636 3677 3712 sunt

1076 3746 1400 3838 aequales.

1153 3878 1475 3952 Ducatur
1504 3890 1745 3946 autem
1780 3870 2012 3946 secans
2043 3868 2193 3959 ΟΡ,
2223 3884 2380 3966 quae
2408 3891 2540 3943 nec
2566 3870 2917 3945 coincidat
2946 3872 3496 3948 cum'diametro
3524 3874 3677 3953 DR

1071 4014 1201 4064 nec
1231 4011 1397 4062 cum
1429 4005 1617 4059 recta
1644 3982 1817 4073 BQ
1830 4000 1986 4054 tum
2010 3980 2497 4076 contingentes
2527 4003 2651 4077 per
2679 3979 2755 4056 O
2776 3979 2852 4054 δε
2873 3980 2930 4053 P
2950 3982 3178 4055 ductae
3202 3982 3327 4056 fibi
3361 3985 3669 4058 invicem

1067 4100 1323 4174 alicubi
1355 4114 1720 4172 occurrent
1750 4109 1829 4165 ut
1859 4092 1931 4166 in
1985 4090 2097 4178 F,
2135 4112 2261 4186 per
2303 4091 2730 4188 punctumF
2752 4093 3051 4166 ducatur
3078 4094 3419 4169 diameter
3476 4092 3673 4167 CEF

1068 4212 1285 4308 ipsam
1314 4208 1437 4285 ΟΡ
1481 4205 1809 4282 bifariam
1846 4202 2124 4278 secans
2109 4224 2180 4275 in
2212 4201 2280 4277 G
2321 4197 2478 4295 ·.(26
2515 4200 2637 4280 lib.
2676 4228 2704 4277 1
2721 4204 2947 4300 ἦρα
2973 4222 3237 4302 puncto
3266 4205 3670 4390 Πένετῑίοε

3396 4321 3672 4395 1ametri
