4196 5352
1116 372 1171 471 1'
1196 314 1361 508 94
1545 349 2140 470 Sele'onum
2171 351 2851 470 Coni'carum.
2877 350 3142 468 Lib.
3163 353 3304 467 -V
3317 441 3347 466 .
3409 384 3460 392 ‘ff

1103 576 1259 649 quae
1282 548 1363 622 fit
1398 550 1700 622 minima
1718 568 2070 623 rectarum
2114 574 2276 644 quae
2327 551 2418 622 ab
2446 551 2697 624 eodem
2761 568 3027 647 puncto
3071 549 3235 622 duci
3288 545 3567 644 possunt
3615 554 3709 625 ad

1102 661 1403 733 eandem
1431 659 1820 737 sectionem.
1873 661 2004 736 Vel
2035 662 2082 735 si
2112 663 2182 735 in
2207 686 2337 736 axe
2353 663 2652 737 secundo
2672 665 2999 760 Ellipseos
3021 665 3225 735 detur
3250 681 3601 758 punctum
3622 664 3723 764 Q

1104 772 1300 870 cujus
1319 773 1636 859 distantia
1663 798 1703 845 a
1728 776 1989 849 vertice
2010 777 2382 848 remotiore
2408 778 2555 850 axis
2604 777 2695 848 M
2726 780 2955 850 minor
3011 778 3107 849 est
3148 775 3445 856 dimidio
3503 775 3712 873 ipsius

1106 886 1505 983 parametri,
1541 886 1787 962 eadem
1836 889 2108 982 prorsus
2142 886 2477 959 methodo
2507 889 2828 961 ducenda
2862 888 2959 961 est
3002 906 3189 960 recta
3238 887 3388 980 Q*
3417 910 3581 982 quae
3623 888 3705 963 fit

1118 999 1431 1071 maxima
1489 1020 1838 1073 rectarum
1883 1024 2041 1094 quae
2095 999 2184 1070 ad
2237 999 2539 1072 eandem
2598 1021 2870 1097 partem
2933 999 3294 1078 axisfflduci
3345 1001 3618 1098 possunt
3669 1027 3710 1076 a

1117 1127 1382 1206 puncto
1416 1110 1630 1201 Qad
1663 1109 2059 1185 sectionem.

1849 1455 1941 1532 D
1980 1449 2714 1535 EFJNJTJO
2825 1411 2994 1550 JV.

1129 1659 1133 1664 ⁷
1180 1655 1194 1667 b

1260 1658 1294 1731 1
1345 1658 1641 1731 circuius
1678 1657 2054 1733 sectionem
2105 1661 2424 1734 conicam
2479 1658 2551 1730 in
2602 1659 2852 1755 quovis
2887 1667 3171 1758 'puncto
3206 1664 3301 1736 ita
3349 1663 3715 1758 contingat

1114 1673 1238 1863 S
1291 1790 1371 1843 ut
1424 1772 1602 1842 inter
1668 1767 1893 1864 ipsum
1951 1790 2022 1844 et
2090 1770 2466 1845 sectionem
2530 1771 2762 1844 nullus
2813 1772 2986 1845 alius
3062 1774 3361 1847 circulus
3422 1771 3709 1847 transrre

1110 1881 1383 1976 potest;
1443 1882 1560 1954 hic
1627 1880 1928 1954 circulus
1979 1881 2234 1954 dicitur
2279 1881 2537 1954 habere
2594 1884 2845 1954 eandem
2891 1884 3323 1956 Curvaturam
3373 1908 3541 1955 cum
3576 1882 3712 1954 sec-

1112 1998 1303 2068 tione
1361 1996 1431 2066 in
1474 2013 1738 2094 puncto
1790 2013 2196 2081 contactus;
2242 1987 2357 2069 vel
2410 1994 2663 2068 dicitur
2708 1993 3082 2070 sectionem
3134 2001 3204 2072 in
3281 1997 3403 2071 isto
3448 2015 3715 2092 puncto

1110 2108 1414 2206 Osculan'.

2044 2255 2788 2401 PROP.XW.

741 2549 869 2630 fig.
912 2568 1012 2624 272
1119 2503 1195 2580 A
1230 2507 1520 2612 puncto
1583 2503 1657 2577 C
1725 2502 1803 2577 in
1865 2498 2191 2578 sectione
2249 2508 2514 2579 conica
2550 2507 2871 2585 ducatur
2912 2506 3002 2585 ad
3062 2535 3288 2587 axem
3346 2509 3505 2615 ejus
3542 2508 3709 2586 AH

918 2630 1013 2690 28.
1234 2627 1403 2738 (qui
1467 2625 1543 2704 in
1592 2623 1846 2734 Ellipfi
1910 2641 2038 2705 aut
2096 2624 2548 2733 Hyperbola
2601 2623 2690 2703 fit
2751 2623 3235 2730 transversus)
3300 2651 3502 2709 recta
3560 2629 3706 2738 *ipfi

1224 2752 1632 2834 ordinatim
1686 2749 2054 2860 applicata
2131 2749 2438 2830 sectioni
2500 2749 2750 2830 rursus
2803 2778 3206 2830 occurrens
3265 2751 3344 2830 in
3411 2754 3502 2848 B,
3562 2757 3640 2835 &
3667 2780 3714 2832 a

1074 2968 1095 2997 ν
1227 2897 1514 2989 puncto
1576 2880 1639 2957 B
1692 2877 2011 2958 ducatur
2061 2876 2428 2955 diameter
2475 2876 2655 2969 ΒΚ,
2713 2877 2792 2954 δε
2841 2902 2890 2952 a
2946 2876 3200 2984 primo
3276 2897 3562 2985 puncto
3629 2881 3708 2961 C.

1225 3004 1544 3084 ducatur
1608 3019 1816 3083 recta
1870 2999 2055 3081 huic
2103 3003 2477 3082 diametro
2509 2999 2921 3079 ordinatim
2975 2999 3347 3110 applicata
3401 3001 3711 3085 sectioni

1232 3132 1483 3216 rursus
1534 3157 1938 3233 occurrens
1975 3129 2053 3209 in
2105 3130 2183 3209 R
2209 3168 2233 3225 ς
2292 3130 2350 3209 fi
2405 3127 2863 3207 describatur
2919 3127 3250 3210 circulus
3279 3130 3499 3210 CRP
3548 3133 3709 3213 sec-

1231 3258 1524 3337 tionem
1586 3254 2032 3364 contingens
2070 3254 2147 3333 in
2185 3254 2297 3348 C,
2356 3256 2441 3347 &z⁴
2489 3252 2849 3332 tranfiens
2939 3280 3078 3363 per
3133 3272 3510 3364 punctum
3570 3259 3705 3351 R;

1240 3386 1369 3465 hic
1423 3382 2106 3464 circuluseandem
2146 3378 2458 3483 habebit
2515 3392 2999 3462 curvaturam
3037 3409 3220 3463 cum
3253 3383 3590 3467 'sectione
3626 3386 3711 3467 in

1233 3527 1521 3621 puncto
1556 3522 1942 3590 'contactus
1971 3507 2063 3587 C.

1110 3736 1115 3743 1
1327 3694 1844 3769 UCATUR
1904 3714 2028 3790 per
2078 3712 2488 3768 contactum
2531 3694 2605 3767 C
2643 3694 3067 3769 'communis
3102 3693 3547 3795 contingens,
3599 3694 3716 3773 axi

1355 3812 1667 3887 sectionis
1699 3836 2068 3887 occurrens
2129 3813 2201 3886 in
2243 3813 2336 3904 A,
2386 3816 2462 3886 ὅτ
2515 3832 2646 3907 per·
2690 3829 3040 3908 punct-um
3086 3806 3144 3880 B
3175 3811 3475 3885 ducatur
3522 3830 3714 3888 recta

1112 3919 1491 3997 sectionem
1548 3926 1984 4021 contingem,
2056 3925 2204 3997 haec
2255 3924 2571 3999 occurret
2623 3925 2820 4013 alteri
2869 3920 3307 4022 contingenti
3355 3927 3440 3998 in
3492 3928 3564 3999 A
3621 3928 3717 4002 ad

1108 4044 1323 4116 ‘axem
1354 4039 1547 4136 (Cor.
1580 4065 1651 4120 2.
1684 4041 1801 4121 26.
1834 4040 1955 4119 lib.
1997 4065 2026 4115 1
2046 4040 2098 4133 .)
2133 4043 2209 4116 ὅτ
2239 4057 2444 4116 erunt
2465 4038 2639 4138 AC,
2666 4039 3121 4138 AB‘aequales
3147 4059 3228 4116 ut
3261 4055 3472 4138 patet.
3516 4146 3617 4223 D·

3595 4172 3711 4226 ico
