4196 5352
686 391 689 398 ’
828 410 1422 535 Εεέῗίοκκνη
1488 409 2124 552 (Ionicarum
2181 410 2436 528 Lib.
2496 412 2650 528 V.
2844 455 2893 531 1
2925 417 2992 530 8
3022 454 3071 529 1

478 611 658 707 PQ
687 619 843 710 (per
870 611 1073 708 Prop.
1109 633 1175 705 5.
1227 609 1400 707 huj.)
1433 625 1751 682 occurrat
1798 624 1988 681 recta
2017 605 2368 703 PQipfis
2400 609 2554 703 AC,
2609 608 2744 683 BD
2802 607 2880 704 (fi
2910 633 3089 705 opus

477 733 865 829 productis)
903 734 972 805 in
1004 735 1091 824 L,
1117 733 1208 805 M
1236 769 1256 818 ;
1320 749 1477 802 tum
1509 748 1698 803 recta
1730 728 1857 803 AC
1894 729 1965 801 in
1994 727 2276 826 punctis
2311 729 2398 820 A,
2429 731 2515 822 L,
2548 733 2633 820 C,
2668 729 2756 821 E,
2796 735 2871 805 &z
2904 748 3093 802 recta

472 845 609 920 BD
640 855 712 921 in
761 849 1039 946 punctis
1084 848 1166 938 B,
1222 845 1338 935 M,
1394 845 1494 937 D,
1542 843 1628 936 E,
1675 844 2081 918 harmonice
2132 842 2546 918 secabuntur
2605 855 2760 942 (per
2802 848 2959 920 Cor.
3025 871 3081 921 1.

473 961 683 1062 Prop.
716 988 784 1060 5·-
817 963 992 1060 huj.)
1039 979 1354 1038 occurrat
1392 961 1645 1059 juncta
1679 962 1822 1052 CB,
1877 959 1998 1057 ipfi
2047 960 2303 1052 PQin
2336 959 2420 1054 F,
2477 967 2552 1037 ὅτ
2601 961 2916 1059 ssjuncta
2950 966 3087 1038 AD

474 1100 616 1151 non
681 1077 976 1150 transeat
1036 1099 1158 1171 per
1209 1075 1292 1164 F,
1337 1071 1683 1171 jungatur
1736 1071 1871 1146 DF
1926 1096 2299 1147 occurrens
2356 1071 2479 1172 ips1
2532 1077 2662 1148 AC
2713 1079 2783 1151 in
2848 1079 2948 1168 X,
3016 1084 3090 1153 ὅτ

473 1189 813 1284 quoniam
846 1189 927 1277 B,
961 1187 1076 1278 M,
1113 1186 1210 1276 D,
1243 1187 1304 1260 E
1331 1185 1486 1260 sunt
1523 1205 1780 1283 puncta
1818 1184 2172 1260 divisionis
2203 1186 2629 1262 harmonicae
2676 1187 2727 1262 fi
2752 1189 3099 1288 jungatur

466 1295 529 1374 F
531 1298 613 1394 E,
647 1319 863 1376 erunt
898 1300 1042 1392 FE,
1095 1297 1249 1389 FD,
1289 1298 1468 1390 ΡΜ,
1522 1295 1639 1370 FB
1680 1297 2217 1391 harmonicalcS,
2264 1322 2437 1397 ergo
2468 1321 2655 1375 recta
2691 1304 2822 1375 AC
2855 1305 2938 1376 iis
2985 1329 3100 1377 oc-

468 1435 758 1487 currens
806 1414 876 1485 in
908 1411 1190 1507 punctis
1223 1410 1323 1499 X,
1352 1410 1439 1501 L,
1470 1412 1557 1501 C,
1591 1409 1677 1500 E,
1711 1409 2122 1484 harmonice
2153 1412 2224 1484 in
2262 1411 2402 1486 istis
2437 1415 2717 1510 punctis
2757 1414 3096 1490 secabitur

473 1535 630 1624 (per
680 1523 831 1602 Par.
890 1550 954 1604 2.
1001 1523 1197 1599 Lem.
1262 1527 1360 1614 1.)
1412 1541 1656 1597 contra
1709 1523 1872 1598 Cor.
1926 1553 1991 1615 4.
2046 1525 2136 1596 ad
2191 1525 2353 1599 Def.
2420 1551 2481 1602 2.
2542 1530 2710 1622 quia
2763 1530 2942 1604 secta
2993 1531 3093 1604 est

467 1641 876 1716 harmonice
932 1643 1007 1715 in
1052 1638 1332 1737 punctis
1383 1639 1475 1729 A,
1523 1638 1610 1731 L,
1654 1635 1748 1730 C,
1793 1638 1906 1713 E:
1978 1660 2150 1735 ergo
2190 1637 2445 1734 juncta
2481 1642 2626 1714 AD
2677 1642 2914 1717 transit
2972 1668 3098 1740 per

468 1730 532 1823 F
554 1782 574 1842 ;
612 1729 883 1825 ‘deinde
920 1750 1178 1848 juncta
1204 1749 1326 1823 AB
1365 1764 1775 1823 occurrente
1829 1744 1950 1845 ipfi
1980 1748 2239 1841 PQin
2273 1752 2367 1842 G,
2407 1753 2808 1828 ostendetur
2840 1757 3094 1829 eodem

467 1866 741 1961 prorsus
789 1865 1007 1937 modo
1039 1863 1371 1961 junctam
1433 1860 1577 1936 CD
1613 1858 1897 1936 transire
1947 1884 2070 1958 per
2128 1864 2247 1953 G,
2300 1890 2468 1963 ergo
2502 1885 2802 1963 quatuor
2835 1890 3095 1964 puncta

467 1978 573 2075 H,
602 1979 693 2073 K,
718 1976 801 2072 E,
834 1979 902 2053 G
925 1978 1082 2076 sunt
1109 1978 1181 2050 in
1208 1994 1396 2052 recta
1420 1975 1607 2051 linea
1636 1977 1797 2050 seiz.
1824 1975 2003 2072 PQ
2077 1976 2168 2077 Q
2193 1977 2273 2055 E.
2298 1979 2388 2054 D.

398 2251 405 2258 ,
567 2177 765 2249 Con.
816 2176 869 2248 1.
922 2177 993 2249 Si
1021 2199 1190 2248 vero
1213 2191 1417 2249 rectae
1455 2172 1609 2264 AB,
1653 2170 2187 2272 CDjungentes
2225 2173 2562 2251 terminos
2609 2178 3091 2275 inscriptarum

464 2287 598 2363 fint
620 2291 797 2363 inter
816 2288 881 2362 se
910 2286 1276 2385 parallelae,
1303 2306 1514 2361 erunt
1539 2285 1888 2384 parallelae
1915 2286 2037 2386 ipfi
2059 2287 2294 2385 PQin
2321 2311 2465 2384 qua
2483 2313 2909 2367 concurrunt
2928 2319 3095 2367 con·

466 2404 820 2498 tingentes
874 2422 999 2494 per
1038 2393 1377 2472 terminos
1422 2397 1908 2493 inscriptarum
1943 2401 2228 2489 ducta-33
2279 2414 2451 2473 n‘am
2500 2399 2549 2476 fi
2599 2427 2741 2476 una
2791 2404 3094 2498 ipsarum

465 2514 596 2591 AB
647 2532 968 2588 occurrat
1003 2509 1127 2610 ipfi
1159 2513 1429 2602 PQin
1488 2512 1727 2598 aliquo
1781 2531 2049 2600 puncto
2088 2515 2185 2599 G,
2241 2530 2398 2583 turn
2449 2527 2530 2585 ut
2575 2517 2767 2609 prius
2826 2517 3093 2591 ostendi

467 2626 1035 2728 potestjunctam
1059 2619 1209 2693 DG
1245 2614 1531 2692 tranfire
1561 2637 1687 2712 per
1716 2618 1804 2708 C,
1837 2642 2007 2715 ergo
2036 2616 2177 2692 CD
2208 2621 2331 2718 ipfi
2363 2623 2490 2697 AB
2519 2649 2912 2704 occurreret
2930 2632 3000 2705 in
3023 2633 3095 2706 G

464 2764 709 2817 contra
735 2733 1179 2833 hypothesin,
1212 2754 1380 2826 ergo
1407 2726 2165 2828 constatpropofitum.

561 2865 752 2936 Con.
804 2861 893 2935 11.
939 2855 1020 2931 -Si
1054 2854 1332 2929 sectioni
1367 2855 1483 2928 vel
1512 2853 1933 2928 sectionibus
1967 2852 2430 2931 inscribantur
2473 2860 2630 2935 duae
2679 2885 2880 2940 rectae
2914 2870 3092 2942 inter

463 2977 530 3051 se
566 2971 930 3071 parallelae,
986 2968 1478 3060 contingentes
1524 2968 1754 3038 ductae
1807 2989 1932 3061 per
1987 2968 2327 3043 terminos
2381 2974 2706 3049 utriusvis
2745 2981 3102 3076 parallelae‘

464 3100 886 3161 concurrent
925 3078 1016 3150 ad
1042 3077 1495 3149 diametrum
1524 3075 1886 3172 parallelas
1931 3078 2359 3157 bisecantem
2397 3082 2593 3180 (Cor.
2628 3112 2693 3166 2.
2725 3091 2931 3190 Prop.
2963 3098 3080 3171 26.

464 3202 585 3276 lib.
633 3198 732 3293 1.)
766 3200 839 3269 ὅτ
872 3188 1328 3284 manifestum
1372 3192 1471 3263 est
1519 3207 1743 3264 rectas
1793 3192 2135 3270 terminos
2181 3197 2669 3297 parallelarum
2696 3202 3084 3307 jungentes

468 3319 559 3393 ad
582 3311 883 3391 eandem
908 3309 1337 3384 diametrum
1355 3328 1791 3387 concurrere.

2706 3913 3073 3992 PROP.
