4196 5352
938 423 1537 628 Sestionmb
1597 504 2264 623 Conicarum'
2313 506 2571 625 Lib.
2640 508 2696 624 I
2704 597 2729 623 .
2995 552 3158 666 49

648 712 809 787 Pars
838 733 906 807 3.
985 710 1115 783 Vel
1142 754 1147 759 -
1172 706 1221 782 fi
1258 716 1470 779 'recta
1520 691 1672 777 XT
1717 728 2091 781 occurrens
2139 693 2549 802 asympto'tis
2597 706 2668 778 in
2701 705 2797 798 X,
2823 694 2932 796 T,
2985 714 3155 781 con·-

538 825 779 899 veniat
820 850 990 897 cum
1026 819 1438 919 Hyperbola
1489 819 1560 891 in
1606 819 1698 910 V,
1754 824 1831 893 ὅτ
1869 816 2002 893 sint
2043 818 2402 917 segmenta
2432 820 2599 911 VX,
2625 818 2772 892 VT
2817 818 3154 917 aequalia3

543 962 730 1016 recta
756 942 1121 1037 continget
1151 936 1640 1033 Hyperbolam
1678 936 1750 1009 in
1786 954 2053 1032 puncto
2084 937 2172 1011 V.
2723 924 2728 927 Α

639 1056 836 1128 Nam
867 1053 919 1128 fi
966 1053 1031 1125 ei
1086 1070 1483 1125 occurreret
1535 1051 1607 1122 in
1663 1049 1798 1122 alio
1845 1067 2111 1146 puncto
2169 1066 2341 1147 puta
2362 1066 2438 1143 p,
2499 1048 2944 1147 segmentum
2974 1047 3052 1123 T
3073 1067 3153 1142 p,

518 1169 807 1266 aequale
840 1166 1008 1241 esset
1054 1164 1414 1263 segmento
1444 1165 1611 1255 VX,
1679 1173 1834 1260 (per
1874 1178 2151 1261 partem
2187 1152 2431 1261 prim.)
2481 1164 2614 1237 hoc
2669 1162 2768 1238 est
2818 1162 2941 1264 ipfi
2979 1161 3154 1251 VT,

530 1284 728 1382 quod
763 1282 864 1357 est
893 1282 1311 1359 absurdum:
1372 1279 1559 1375 Ergo
1597 1294 1737 1353 non
1769 1280 2073 1355 occurrit
2104 1278 2537 1376 Hyperbolae
2570 1276 2693 1351 nisi
2722 1281 2791 1352 in
2822 1277 2915 1372 V,
2981 1271 3155 1375 erge

522 1395 1174 1494 ipsamconting‘it,
1220 1384 1412 1467 anam
1446 1415 1590 1466 non
1625 1393 1829 1465 cadet
1862 1416 1952 1465 ex
1981 1415 2125 1465 una
2158 1410 2354 1488 parte
2387 1410 2534 1465 tota
2564 1395 2744 1467 intra
2773 1390 3152 1490 Hyperbo-

534 1512 707 1605 lam,
771 1511 940 1610 quia
965 1511 1250 1608 ponitur
1277 1530 1640 1586 occurrere
1675 1505 1982 1604 utrisque
2021 1504 2175 1601 ejus
2204 1504 2629 1604 asymptotis.
2749 1506 2944 1609 QE.
2977 1508 3074 1583 D.

614 1722 831 1799 Con.
863 1721 918 1798 1.
1017 1720 1417 1819 Asymptoti
1446 1724 1872 1795 concurrunt
1901 1718 1973 1792 in
2012 1735 2262 1793 centro
2291 1715 2912 1813 Hyperbolamm,
2979 1739 3147 1789 nam

530 1834 893 1909 ducantur
949 1836 1137 1908 duae‘
1175 1857 1383 1909 rectae
1430 1837 1586 1927 (ὶὲ,
1622 1835 1795 1906 HG·
1835 1833 2017 1906 inter
2073 1832 2146 1905 se
2203 1831 2604 1928 parallelae,
2633 1830 2936 1905 secantes
2994 1830 3149 1924 Hy·

530 1948 905 2043 perbolam
951 1947 1025 2017 in
1082 1947 1362 2042 punctis
1413 1948 1489 2036 S,
1518 1947 1588 2017 R
1643 1950 1717 2019 ὅτ
1777 1972 1841 2038 a,
1877 1964 1905 2017 t
1960 1948 2036 2019 ὅτ
2096 1963 2542 2019 occurrentes
2598 1943 3005 2041 asym'ptotis
3072 1944 3144 2016 in

527 2060 817 2156 punctis
848 2060 1031 2150 QP
1094 2064 1170 2133 ὅτ
1206 2058 1314 2151 H,
1347 2059 1440 2150 G,
1498 2061 1574 2132 ὅτ
1622 2081 1746 2154 per
1801 2058 2165 2132 occursum
2225 2057 2775 2155 asymptotorum
2818 2059 2879 2131 C
2931 2059 3146 2132 duca·

526 2192 651 2247 tur
709 2169 839 2246 CV
868 2168 1192 2243 bifariam
1224 2173 1461 2245 secans
1489 2189 1754 2244 rectam
1805 2173 1935 2267 ΟΞ
2000 2178 2072 2246 in
2131 2174 2224 2263 O,
2286 2173 2439 2246 haec
2487 2197 2771 2267 quoque
2822 2170 3144 2246 bifariam

533 2284 793 2359 secabit
818 2301 1092 2357 rectam
1119 2283 1295 2373 HG,
1358 2285 1516 2380 (per
1550 2308 1594 2360 2
1627 2281 1795 2358 Cor.
1833 2309 1900 2378 4.
1936 2286 2037 2374 6.)
2096 2286 2166 2359 in
2204 2303 2468 2381 puncto
2509 2312 2596 2384 q;
2656 2286 2771 2360 sed
2805 2309 2978 2358 cum
3000 2287 3146 2382 seg-

522 2415 775 2475 menta
809 2398 960 2489 RP,
990 2394 1164 2490 SQ
1191 2404 1279 2470 ut'
1306 2399 1523 2471 etiam
1551 2397 1680 2487 tG,
1726 2397 1847 2470 aH
1873 2399 2172 2493 aequalia
2220 2400 2400 2491 sunt,
2449 2419 2636 2474 recta
2663 2398 2792 2473 CV
2823 2401 3145 2474 bifariam

525 2512 785 2589 secabit
831 2512 1004 2608 ipsas
1039 2512 1181 2603 SR,
1208 2537 1282 2603 ,a
1309 2529 1341 2583 t
1387 2511 1803 2608 Hyperbola
1854 2516 2300 2587 terminatas:
2364 2539 2534 2613 ergo
2589 2515 2741 2588 haec
2791 2534 2983 2589 recta
3023 2512 3143 2588 -est

526 2627 870 2704 diameter
900 2625 1277 2718 transversa
1302 2624 1791 2722 Hyperbolae;
1825 2628 2085 2707 eodem
2109 2630 2326 2704 modo
2352 2627 2621 2704 ostendi
2654 2631 2899 2727 potest,
2932 2631 3142 2706 aliam

528 2762 800 2817 rectam
833 2765 956 2840 per
989 2742 1351 2816 occursum
1380 2741 1933 2838 asymptotorum
1968 2743 2260 2817 ductam
2285 2743 2422 2816 esse
2453 2745 2885 2819 diametrum
2932 2746 3144 2819 trans-

537 2858 832 2935 versam.
934 2858 1126 2956 Ergo
1150 2857 1523 2955 asymptoti
1560 2875 1987 2931 concurrunt
2017 2860 2087 2930 in
2122 2877 2364 2932 centro
2392 2860 2989 2956 Hyperbolarum.

626 2976 815 3048 Con.
872 2972 959 3048 11.
1056 2971 1538 3058 Omnis-recta
1560 2969 1767 3058 „LCV
1795 2972 2017 3070 ducta
2039 2995 2186 3084 pater,
2209 2990 2561 3063 centrum,
2608 2978 2681 3047 ὅτ
2716 2975 2895 3046 intra
2924 2997 3141 3072 angu-

530 3086 684 3158 lum
717 3088 929 3159 HCG
954 3084 1442 3178 Hyperbolam
1469 3071 2085 3159 continentem'eff
2117 3077 2465 3162 ‘diameter
2496 3088 2909 3176 transversa,
2969 3115 3140 3164 nam

524 3199 802 3296 qumvis
839 3214 1037 3278 recta
1082 3195 1298 3270 ducta
1355 3191 1476 3288 ipfi
1512 3195 1722 3286 LCV
1752 3195 2078 3291 parallela
2109 3203 2184 3274 ὅτ
2215 3200 2285 3273 in
2323 3202 2534 3296 plano
2567 3204 3140 3299 Hyperbolamm

527 3308 897 3394 neceffirio
925 3326 1243 3394 occurret
1270 3307 1602 3394 lateribus
1637 3311 1901 3407 anguli,
1956 3313 2078 3407 qui
2110 3314 2439 3412 deinceps
2467 3316 2565 3389 est
2611 3317 2872 3415 angulo
2898 3315 3139 3407 HCG,

522 3426 602 3497 ὅτ
657 3446 825 3521 ergo
866 3439 1207 3508 -occurretw
1259 3419 1590 3518 oppofitis
1620 3423 2051 3520 Hyperbolis
2097 3429 2287 3519 (Cor.
2341 3454 2406 3522 4.
2449 3431 2536 3502 ad
2560 3428 2721 3504 Def.
2763 3453 2795 3501 2
2810 3436 2913 3526 5.)
2966 3454 3134 3528 ergo

524 3534 667 3630 ipsa
696 3525 893 3634 LCV
926 3535 1094 3610 huic
1146 3553 1349 3642 rectae
1397 3531 1722 3632 parallela
1767 3537 2088 3640 occurret
2120 3537 2313 3631 (Cor.
2351 3565 2415 3634 3.
2450 3541 2540 3614 ad
2570 3541 2731 3618 Def.
2770 3542 2986 3640 Sect.)
3011 3565 3136 3638 op-

522 3639 757 3740 ‘posrt'ia
772 3639 1205 3747 Hyperbolis
1231 3690 1253 3739 3
1283 3648 1398 3725 sed
1424 3649 1660 3725 tranfit
1692 3655 1817 3750 pei*
1846 3663 2196 3744 centrum,
2225 3677 2392 3752 ergo
2421 3655 2889 3748 est'diameter
2919 3657 3130 3732 trans-

522 3761 716 3833 versa
762 3786 883 3857 per
910 3765 1069 3841 Def.
1111 3787 1220 3864 19.
1352 3793 1359 3802 ·
1622 3821 1629 3828 -
1680 3789 1691 3800 ·
1974 3793 1979 3798 ·
2137 3793 2140 3794 ⁷
2327 3791 2328 3794 ’
2883 3791 2888 3796 ·

522 3967 531 3972 -
610 3878 804 3984 Con.
835 3877 953 3952 111.
1056 3879 1312 3953 Omnis
1343 3897 1532 3953 recta
1559 3879 1728 3952 MN
1768 3881 1985 3955 ducta
2018 3904 2142 3979 per
2172 3900 2523 3976 centrum,
2588 3884 2664 3959 δι
2706 3888 2889 3963 intra
2918 3913 3131 3987 angu-

517 3987 675 4063 lum
709 3986 834 4082 qui
869 3987 1197 4088 deinceps
1218 3989 1318 4066 est
1348 3991 1608 4098 angulo
1635 3990 1853 4092 HCG
1876 3993 2373 4091 Hyperbolam
2408 3999 2821 4095 continenti,
2857 4004 2955 4077 est
2983 4004 3128 4077 dia-

520 4099 1090 4208 metersecunda.
1190 4108 1386 4184 Nam
1417 4130 1540 4205 per
1588 4103 1936 4202 punctum
1967 4112 2269 4205 quodvis
2301 4114 2370 4185 O
2402 4113 2582 4187 intra
2609 4113 3127 4214 Hyperbolam,

518 4203 816 4296 ducatur
876 4211 1075 4295 recta*
1113 4219 1235 4315 ipfi
1282 4225 1445 4298 MN
1504 4222 1866 4322 parallela;
1930 4243 2125 4328 patet
2178 4254 2340 4303 eam
2390 4255 2752 4308 occurrere
2796 4234 3129 4309 lateribus

1768 4337 1836 4410 G
2892 4348 3127 4444 anguli
