4196 5352
677 3073 811 3133 Fxo.
858 3090 906 3129 ι.

1055 419 1218 571 84
1431 415 3224 543 iffiffiffmmoeammmwmzfflalL

993 788 999 794 ,
1137 709 1324 784 Coa.
1384 708 1434 786 Ῑ.
1470 713 1538 787 Si
1572 739 1611 785 a
1644 738 1905 810 puncto
1937 713 2265 822 Ellipseos
2297 739 2416 794 aut
2457 718 2874 815 Hyperbolae
2908 720 3209 794 ducatur
3248 723 3337 794 ad
3384 694 3682 801 diamess.

1048 844 1238 897 trum
1269 834 1451 921 (quae
1483 827 1554 900 in
1584 830 1990 930 Hyperbola
2015 845 2112 913 est
2135 833 2534 921 transversa)
2571 854 2754 906 recta
2785 837 2845 907 ei
2867 837 3248 912 ordinatim
3274 840 3653 936 applicata·,

1048 943 1535 1036 rectangulum
1576 969 1989 1023 contentum
2047 952 2334 1026 abscissls
2385 949 2705 1023 diametri
2759 951 2936 1022 inter
2992 957 3286 1028 vertices
3344 954 3515 1051 ejus,
3577 958 3652 1027 δε

1051 1052 1469 1144 ordinatam,
1505 1057 1632 1129 erit
1665 1062 1751 1132 ad
1778 1066 2205 1157 quadratum
2238 1087 2325 1157 ex
2361 1063 2701 1169 ordinata,
2754 1081 2831 1134 ut
2862 1064 2998 1158 ipsa
3029 1066 3366 1140 diameter
3396 1068 3484 1138 ad
3510 1064 3652 1158 ejus

1049 1186 1540 1267 parametrum.
1647 1173 1837 1246 Nam
1881 1165 2004 1272 per
2055 1179 2216 1250 Cor.
2262 1199 2316 1250 1.
2360 1199 2473 1269 3¹-
2523 1177 2595 1248 ὅτ
2635 1174 2816 1268 Des.
2846 1199 2958 1269 24.
3012 1176 3128 1251 lib.
3180 1205 3234 1253 1.
3271 1180 3486 1251 hocce
3508 1203 3652 1250 rec-

1048 1279 1421 1373 tangulum
1468 1282 1564 1354 est
1616 1287 1700 1357 ad
1735 1290 2156 1379 quadratum
2208 1315 2301 1362 ex
2349 1289 2688 1377 ordinata,
2753 1309 2828 1361 ut
2899 1293 3321 1383 quadratum
3376 1317 3464 1365 ex
3514 1295 3653 1385 ipsa

1047 1391 1390 1460 diametro
1427 1395 1514 1464 ad
1541 1398 1963 1487 quadratum
1997 1427 2082 1473 ex
2119 1400 2264 1497 ejus
2295 1398 2681 1496 conjugata,
2730 1400 2862 1473 hoc
2893 1402 3014 1492 est,
3055 1423 3128 1475 ut
3155 1404 3292 1499 ipsa
3317 1404 3656 1477 diameter

1048 1503 1137 1572 ad
1171 1500 1316 1597 ejus
1348 1525 1846 1600 parametrum,
1882 1538 2003 1608 per
2031 1513 2186 1590 Def.
2227 1537 2426 1608 praec,
2461 1521 2532 1588 &
2562 1519 2726 1590 Cor.
2761 1539 2870 1591 20.
2905 1517 2972 1590 6.
3137 1595 3144 1617 ξ

1149 1614 1346 1715 Con.
1408 1614 1493 1689 11.
1547 1621 1615 1690 Si
1666 1645 1711 1711 a,
1743 1644 2006 1717 puncto
2040 1626 2466 1724 Hyperbolae
2510 1631 2803 1717 ducatur
2835 1630 2921 1724 ad
2953 1631 3381 1706 diametrum
3414 1633 3654 1706 secun-

1048 1733 1217 1802 dam
1262 1748 1447 1802 recta
1501 1735 1562 1803 ei
1615 1737 1990 1810 ordinatim
2030 1743 2414 1836 applicata,
2484 1746 2613 1816 erit
2670 1744 2942 1816 summa
3007 1749 3651 1841 quadratorum.ex

1050 1842 1557 1915 semidiametro
1602 1845 1919 1939 secunda,
1982 1872 2050 1925 et
2105 1852 2249 1949 ejus
2280 1855 2636 1951 segmento
2685 1859 2864 1929 inter
2895 1879 3219 1930 centrum
3265 1865 3336 1933 δι
3377 1862 3653 1933 ordina-

1046 1976 1220 2043 tam,
1274 1956 1359 2025 ad
1390 1956 1815 2046 quadratum
1861 1988 1974 2035 ex·
1998 1966 2363 2055 ordinata,
2401 1987 2478 2041 ut
2538 1972 2989 2062 (quadratum
3008 1971 3284 2073 exista
3315 1974 3660 2044 diametro

1050 2071 1367 2158 secunda,
1427 2055 1515 2143 ad
1572 2057 1995 2166 quadratum
2047 2103 2135 2150 ex
2166 2082 2509 2155 diametro
2567 2085 2685 2178 ipsi
2723 2085 3091 2179 conjugata
3138 2111 3261 2182 per
3300 2089 3502 2184 Prop.
3539 2113 3652 2184 32.

1053 2184 1169 2255 lib·
1220 2207 1271 2255 ¹·
1310 2181 1442 2252 ¹¹00
1470 2181 1565 2254 est
1593 2189 1700 2269 ut)
1752 2187 1892 2280 ipsa
1933 2191 2272 2265 diameter
2333 2195 2630 2268 secunda
2665 2198 2751 2267 ad
2785 2196 2990 2291 ipsius
3033 2222 3507 2296 parametrum
3534 2226 3664 2299 per

1056 2296 1216 2371 Def.
1253 2318 1456 2390 praec,
1499 2299 1568 2367 δι
1597 2298 1754 2373 Cor.
1792 2322 1902 2372 20.
1934 2301 2003 2372 6.
3009 2314 3018 2320 -
3421 2326 3424 2329 Α
3622 2325 3635 2330 ψ

1846 2485 2483 2622 ‚'RROR
2597 2523 2656 2600 L

1061 2648 1446 2757 erata
1484 2670 1859 2734 rectarum
1913 2633 2095 2766 quae¹
2119 2663 2489 2745 diametro
2517 2661 2898 2748 Parabolae
2948 2669 3650 2781 ordinatim-appli-

1157 2797 1421 2857 cantur
1462 2782 1778 2889 aequalia
1828 2782 1999 2866 sunt
2042 2794 2493 2900 rectangulis
2533 2797 2906 2903 content-is
2947 2798 3296 2878 diametri
3332 2799 3648 2882 absciffis

1170 2906 1248 2982 &
1287 2906 1443 3011 ejus
1483 2929 1934 3015 parametro.
2025 2988 2046 3018 ,Α
2144 3007 2151 3016 ι
2208 2962 2219 2973 ·

1050 3099 1249 3283 A
1287 3091 1559 3167 Puncto
1610 3096 1964 3174 Parabolae
2020 3102 2083 3173 Β
2131 3105 2426 3182 ducatur
2474 3130 2660 3183 recta
2712 3107 2843 3184 BG
2889 3114 3267 3186 ordinatim
3316 3113 3661 3211 applicata

1165 3226 1171 3232 ·
1312 3204 1654 3281 diametro
1704 3209 1822 3282 FL
1855 3212 2051 3308 cujus
2098 3236 2345 3301 vertex
2389 3222 2514 3293 ‘eff
2545 3224 2624 3312 F,
2677 3228 2751 3295 &
2782 3221 2862 3295 fit
2916 3241 3101 3297 recta
3139 3226 3194 3297 P
3221 3230 3447 3299 ‘tertia
3488 3245 3656 3322 pro-

1052 3313 1456 3406 portionalis
1517 3319 1807 3395 absciffae
1876 3322 2004 3394 GF
2060 3322 2136 3396 &
2200 3331 2539 3403 ordinatae
2613 3333 2766 3419 BG,
2854 3337 2984 3406 erit
3049 3337 3200 3409 haec
3268 3360 3666 3433 parameter

1054 3423 1373 3497 diametri
1426 3426 1544 3500 FL
1576 3450 1698 3524 per
1744 3430 1908 3507 Def.
1953 3459 2009 3508 1.
2051 3434 2281 3531 hujuS,
2336 3439 2411 3512 &
2456 3443 2585 3514 erit
2630 3446 3052 3537 quadratum
3086 3474 3173 3520 ex
3217 3451 3345 3524 BG
3395 3453 3659 3547 aequale

1056 3536 1460 3630 rectangulo
1508 3539 1640 3610 GF
1700 3543 1768 3612 in
1803 3564 2067 3617 rectam
2106 3547 2222 3635 P,
2275 3548 2325 3622 fi
2360 3549 2568 3624 'nunc
2611 3551 2915 3628 'ducatur
2967 3563 3236 3652 quaevis
3297 3555 3439 3637 alia'
3474 3584 3660 3638 recta

1056 3643 1196 3718 DL
1212 3647 1590 3720 ordinatim
1620 3652 1963 3745 applicata
1985 3658 2330 3735 diametro
2355 3661 2414 3732 F
2415 3664 2497 3751 L,
2559 3689 2682 3760 per
2708 3666 2907 3765 Prop.
2950 3670 3056 3767 ²9⁴·
3093 3675 3208 3751 lib.
3269 3701 3328 3750 1.
3361 3681 3656 3775 quadra·

1052 3776 1211 3830 tum
1251 3784 1338 3832 ex
1387 3759 1521 3833 DL
1552 3761 1649 3834 est
1697 3765 1785 3837 ad
1820 3768 2243 3861 quadratum
2280 3798 2368 3846 ex
2412 3777 2562 3868 BG,
2623 3776 2716 3853 ut'
2748 3781 2876 3855 LF
2896 3788 2984 3858 ad
3030 3783 3188 3879 GF,
3238 3792 3378 3865 hoc
3408 3777 3528 3885 est,
3577 3811 3658 3863 ut

1059 3874 1546 3969 rectangulum
1572 3873 1691 3946 LF
1722 3878 1790 3949 in
1823 3881 1902 3970 P,
1936 3883 2024 3953 ad
2065 3892 2550 3986 rectangulum
2583 3893 2710 3966 GF
2755 3898 2955 3987 in.P;
3020 3926 3185 4000 ergo
3240 3906 3659 4000 quadratum

1063 4012 1146 4054 cx
1189 3986 1315 4052 DL
1355 3986 1447 4056 est
1478 3990 1562 4058 ad
1618 3992 2100 4082 rectangulum
2126 3996 2245 4068 LF
2288 4000 2360 4072 in
2405 4005 2485 4094 P,
2546 4025 2624 4079 ut
2658 4011 3076 4101 quadratum
3107 4041 3194 4090 ex
3222 4015 3349 4089 BG
3379 4019 3466 4088 ad
3507 4038 3656 4087 rec-

1065 4100 1433 4194 tangulum
1466 4100 1596 4170 GF
1624 4104 1690 4172 in
1724 4107 1798 4188 P,
1830 4106 1956 4176 hoc
1984 4107 2109 4196 est,
2132 4110 2203 4183 in
2227 4115 2491 4192 ratione
2510 4121 2938 4220 'aequalitatis
3009 4128 3101 4207 Et
3124 4132 3287 4205 inde
3314 4130 3662 4222 Apavonm

1067 4210 1241 4284 hanc
1273 4210 1532 4288 lineam
1564 4214 1934 4288 Pambosam
1952 4222 2359 4302 nominavit.
2502 4235 2507 4239 ’
2641 4293 2647 4296 .
2777 4270 2781 4276 ·
2882 4237 2888 4243 ’
3342 4241 3532 4342 QE.
3559 4242 3652 4315 D.

3445 4355 3637 4432 Con.
