4196 5352
964 441 1558 580 Sestionum
1606 453 2243 583 Coni'carum
2281 462 2537 585 Lib.
2606 461 2707 590 I.
3053 507 3132 636 3

1517 733 1935 823 PROP.
2047 741 2153 823 ΙΙ.

538 876 779 957 Recta
817 875 1056 960 Linea
1087 877 1244 961 ED
1276 878 1747 991 conjungens
1800 881 1979 963 bina
2025 910 2523 995 quaecunque„
2569 903 2852 998 puncta
2887 890 2984 987 E,
3018 892 3128 990 D,
3205 880 3347 945 ¹²¹0·
3389 901 3444 947 ²⁴

647 1001 729 1081 in
764 1003 1156 1116 superficie
1193 1005 1481 1115 con-ica,
1520 1008 1760 1089 modo
1783 1036 1939 1090 non
1968 1008 2113 1088 fint
2150 1010 2227 1090 in
2266 1011 2533 1092 eadem
2562 1031 2764 1094 recta
2788 1042 2925 1124 per
2960 1045 3135 1097 ver-

646 1128 879 1213 ticem
952 1133 1406 1230 transeunte,
1462 1152 1620 1217 tota
1691 1136 1891 1218 cadit
1961 1137 2157 1217 intra
2211 1136 2712 1250 superficiem,
2763 1139 3137 1248 producta

644 1282 828 1338 vero
865 1258 1223 1368 utrinque
1276 1277 1489 1341 extra
1523 1262 1876 1357 eandem,
1931 1263 2011 1342 δε
2039 1263 2290 1343 neutri
2330 1263 2899 1374 superficierum
2963 1293 3134 1346 am-

640 1378 840 1490 plius
867 1385 1218 1467 occurrit.
1294 1385 1618 1482 Contra,
1648 1405 1850 1472 recta
1874 1388 2027 1467 ED
2054 1388 2525 1499 conjungens
2562 1408 2871 1499 puncta,
2896 1393 2996 1485 E,
3021 1393 3131 1489 D,
3203 1385 3343 1451 1²1⁰·
3386 1385 3444 1469 32

639 1501 722 1583 in
756 1510 1109 1618 oppofitis
1145 1512 1682 1625 superficiebus
1715 1514 1952 1597 modo
1990 1543 2147 1598 non
2186 1518 2331 1599 fint
2355 1518 2435 1600 in
2465 1519 2735 1599 eadem
2758 1538 2959 1601 recta
2994 1547 3135 1631 per

638 1632 1005 1719 verticem
1040 1640 1496 1738 transeunte,
1572 1644 1773 1727 cadit
1808 1661 2022 1725 extra
2058 1661 2465 1757 utramque
2491 1646 2993 1758 superficiem,
3045 1651 3129 1731 30

639 1757 999 1872 utrinque
1057 1767 1431 1875 producta
1465 1768 1661 1850 intra
1695 1787 2104 1880 utramque
2136 1771 2364 1868 cadit,
2428 1772 2830 1884 neutrique
2854 1802 3123 1858 earum

637 1886 966 1993 amplius
1003 1892 1359 1969 occurrit.

752 2075 820 2153 A
843 2076 941 2151 M
992 2100 1121 2178 per
1165 2102 1431 2179 puncta
1471 2086 1559 2180 E,
1624 2090 1705 2165 &-
1743 2091 1840 2183 D,
1898 2092 2128 2171 ductis
2175 2097 2334 2171 coni
2389 2096 2721 2175 lateribus
2780 2100 2993 2197 AEC,
3053 2093 3133 2182 St

799 2189 1025 2283 ADB,
1079 2192 1374 2290 planum
1426 2222 1551 2296 per
1601 2198 1727 2274 has
1770 2223 1994 2280 rectas
2023 2208 2358 2285 transiens
2393 2235 2537 2286 non
2565 2215 2868 2291 occurrit
2900 2217 3131 2315 super-

514 2303 704 2381 ficiei
748 2305 868 2380 vel
919 2302 1414 2404 superficiebus
1460 2312 1793 2413 oppositis
1842 2316 1967 2394 nifi
2016 2320 2092 2395 in
2143 2325 2349 2399 rectis
2379 2324 2605 2422 AEC,
2659 2328 2884 2423 ADB,
2939 2335 3130 2416 unde

513 2416 742 2495 Recta
770 2418 911 2498 DE
960 2442 1106 2496 non
1135 2427 1440 2501 occurrit
1467 2426 1648 2524 ipfis‚
1691 2430 1815 2506 nifi
1848 2432 1920 2505 in
1956 2437 2236 2530 punctis
2261 2439 2359 2530 D,
2390 2438 2473 2517 E.
2841 2512 2846 2518 .

614 2531 699 2606 In
749 2534 980 2631 priore
1021 2559 1194 2613 vero
1229 2540 1389 2615 casu
1430 2539 1727 2638 planum
1762 2548 2000 2645 anguli
2025 2549 2255 2645 DAE,
2315 2557 2396 2629 δε
2422 2553 2713 2652 proinde
2747 2575 2935 2637 recta
2960 2547 3125 2657 DE,
3186 2555 3235 2619 F
3239 2576 3326 2622 ¹⁰·
3364 2581 3421 2630 2·

510 2644 620 2721 est
672 2648 854 2723 intra
894 2650 1332 2749 superficiem
1374 2656 1692 2735 conicam
1711 2696 1746 2750 3,
1798 2661 2095 2761 ideoque
2164 2668 2507 2766 producta
2551 2673 2881 2771 utrinque
2928 2701 3127 2755 extra

515 2765 821 2850 eandem
854 2768 1063 2846 cadi&

608 2878 694 2952 In
750 2879 1123 2978 posteriore
1174 2885 1331 2960 casu
1384 2878 1676 2985 planum
1706 2894 1947 2990 anguli
1974 2894 2179 2973 DAE
2208 2898 2287 2976 ὅτ
2314 2896 2608 2997 proinde
2634 2920 2826 2979 recta
2852 2905 2990 2981 DE
3018 2908 3120 2985 est
3187 2917 3324 2981 Fre.
3366 2931 3431 3003 3⁴

512 3009 713 3067 extra
766 3014 1145 3095 utramque
1211 3002 1647 3098 superficiem
1699 3007 2136 3120 oppositam,
2191 3017 2271 3090 &
2327 3014 2539 3115 igitur
2587 3019 2728 3098 DE
2786 3026 3119 3123 utrinque

500 3106 856 3200 ‘producta
875 3111 1080 3183 cadet
1108 3113 1291 3183 intra
1318 3114 1708 3209 superficies
1736 3120 2104 3213 oppofitas.
2542 3138 2545 3142 ’

566 3218 645 3290 Si
670 3233 936 3313 puncta
963 3216 1065 3308 D,
1091 3217 1175 3310 E,
1201 3217 1335 3294 fint
1368 3222 1441 3295 in
1472 3223 1727 3297 eadem
1750 3245 1941 3302 recta
1958 3227 2084 3327 p'er
2112 3231 2451 3312 verticem
2478 3241 2899 3340 transeunte,
2926 3247 3114 3327 'recta

498 3331 653 3431 ipsa
679 3330 1112 3432 conjungens
1147 3340 1303 3434 (per
1330 3337 1490 3417 Cor.
1527 3340 1640 3416 ad.
1666 3339 1841 3443 def.)
1866 3345 2000 3425 erit
2027 3364 2175 3424 tota
2206 3348 2277 3424 in
2307 3347 2796 3456 superficiebus
2823 3366 3111 3444 conicis.

1466 3580 1534 3661 P
1575 3583 1653 3663 R
1691 3587 1768 3667 Ο
1811 3585 1900 3668 Ρ.
2008 3589 2156 3672 111.

520 3715 603 3800 Si
649 3736 847 3804 recta
867 3723 1021 3806 DE
1044 3722 1561 3835 peripheriam
1596 3723 1784 3814 b'afis
1815 3735 1989 3834 coni
2010 3740 2401 3854 contingat
2433 3746 2512 3830 in
2551 3773 2838 3862 puncto
2864 3757 2973 3857 D,
3013 3763 3094 3845 ὅτ
3160 3797 3306 3865 Fm.
3343 3823 3403 3885 4,

538 3914 551 3924 .
623 3875 672 3929 a
704 3850 878 3930 coni
909 3855 1186 3938 vertice
1225 3856 1306 3935 A
1339 3855 1657 3942 ducatur
1690 3864 1786 3946 ad
1820 3884 2261 3956 contactum
2296 3896 2498 3959 recta
2533 3883 2695 3963 AD
2724 3917 2750 3982 ς
2778 3888 3098 4001 planum

539 3971 557 3980 “
623 3974 862 4057 ADE
896 4004 1031 4088 per
1075 3997 1482 4091 utramque
1519 4003 1805 4070 rectam
1841 3992 2307 4102 productum
2362 4000 2779 4114 superficiei
2814 4018 3095 4101 conicae

621 4097 1110 4184 solummodo
1165 4104 1245 4184 in
1304 4126 1509 4188 recta
1570 4111 1732 4192 AD
1802 4119 2131 4204 occurrit
2144 4152 2172 4222 ς
2238 4122 2677 4241 hujusmodi
2724 4166 2905 4224 vero
2958 4171 3093 4224 oc-

619 4228 903 4333 cursus),
974 4230 1339 4316 Contactus
1394 4233 1693 4323 dicitur.
2463 4267 2476 4276 “

1788 4363 1973 4458 ΑΞ·
2894 4393 3094 4479 Nam
