4196 5352
1073 449 1122 526 1
1153 413 1219 524 8
1234 410 1306 521 6
1470 399 2062 519 SeHiOnum
2113 394 2748 526 Conicarum
2812 391 3094 509 Lib:
3138 397 3293 511 V.

1053 600 1125 674 A
1155 601 1368 673 ducta
1409 597 1733 671 bifariam
1766 594 2002 667 secans
2062 589 2282 685 ipsam
2335 586 2474 664 CD
2510 588 2584 660 in
2632 586 2696 659 L
2741 583 2902 659 ess‘et
2937 586 3294 682 utriusque
3349 584 3667 659 sectionis

1048 713 1390 787 diameter
1422 748 1442 798 ς
1499 709 1546 782 fi
1578 712 1870 783 ducatur
1904 705 2116 802 igitur
2145 729 2188 776 a
2215 704 2488 806 reliquo
2518 717 2781 797 puncto
2802 703 3167 774 communi
3215 697 3299 791 B,
3336 718 3527 773 recta
3554 722 3663 772 or-

1056 824 1356 895 dinatim
1398 823 1743 916 applicata
1791 819 2139 891 diametro
2164 817 2321 905 AL,
2388 814 2734 888 terminus
2793 811 2965 886 alter
3024 811 3304 909 hujusce
3336 812 3669 885 ordinatae

1058 934 1192 1007 erit
1251 934 1323 1006 in
1382 951 1682 1026 utraque
1755 931 2075 1018 sectione,
2138 948 2213 1001 et
2279 923 2576 1024 proinde
2642 926 2751 999 hae
2777 921 2784 930 ’
2809 927 3143 999 sectiones
3210 924 3280 996 in
3357 924 3674 1020 quinque

1063 1045 1343 1141 punctis
1415 1059 1816 1132 occurrunt,
1887 1041 2078 1136 quod
2165 1039 2316 1114 fieri
2383 1040 2646 1134 nequit.
2749 1037 3040 1122 Constat
3098 1037 3308 1135 igitur
3370 1035 3670 1133 propost-

1069 1180 1247 1234 tum.

2038 1354 2456 1437 PRoR
2565 1351 2740 1466 mt

1082 1502 1158 1583 Si
1198 1499 1365 1580 duae
1391 1496 1753 1584 sectiones
1803 1496 2084 1577 conicae
2112 1498 2183 1576 se
2233 1497 2563 1578 invicem
2619 1496 2697 1577 in
2763 1495 3063 1577 duobus
3135 1495 3436 1606 punctis
3475 1520 3668 1575 con-

1202 1624 1497 1732 tingant
1526 1655 1548 1718 3
1585 1624 1664 1702 in
1703 1621 1852 1702 alio
1889 1640 2180 1730 puncto
2209 1648 2364 1701 non
2398 1621 2534 1701 fibi
2560 1621 2890 1702 invicem
2915 1640 3334 1703 occurrent.

1263 1811 1337 1887 O
1355 1811 1430 1884 N
1457 1808 1579 1884 TI
1604 1809 1679 1882 N
1705 1810 1772 1883 G
1789 1810 1859 1882 A
1885 1804 1961 1881 N
1980 1806 2053 1882 T
2082 1809 2148 1881 se
2184 1808 2494 1883 invicem
2517 1809 2679 1884 duae
2710 1809 3043 1885 sectiones
3077 1809 3334 1883 conicae
3360 1807 3434 1881 in
3453 1826 3682 1903 punc«

1313 1925 1400 1997 tis
1425 1926 1520 2016 A,
1568 1921 1653 2014 B,
1704 1928 1779 1998 &
1806 1923 2062 2019 prim0,
2101 1942 2472 1997 occurrant
2506 1920 2629 1996 fibi
2693 1924 3003 1999 invicem
3046 1927 3120 1998 in
3157 1925 3226 1998 G
3252 1943 3677 1996 communes

1082 2040 1570 2137 contingentes
1600 2062 1724 2135 per
1744 2038 1811 2111 A
1839 2042 1914 2115 δι’
1935 2039 1990 2109 Β
2011 2039 2263 2130 ductae,
2309 2063 2435 2135 per
2462 2043 2829 2115 occursum
2877 2043 3442 2139 contingentium
3467 2039 3679 2112 duca-

1086 2171 1201 2224 tur
1254 2171 1439 2224 recta
1487 2151 1617 2224 GF
1644 2150 1973 2247 junctam
2025 2147 2155 2222 AB
2229 2149 2554 2225 bifariam
2617 2153 2872 2246 secanS,
2933 2157 3065 2227 erit
3138 2155 3286 2228 haec
3342 2153 3685 2226 diameter

1086 2263 1444 2360 utriusque
1497 2262 1814 2336 sectionis
1862 2261 2169 2355 (26.1ib.
2232 2267 2326 2351 1.)
2378 2260 2426 2335 fi
2484 2263 2696 2360 igitur
2760 2266 2872 2340 hae
2924 2267 3259 2341 sectiones
3317 2264 3508 2338 aliud
3560 2262 3674 2335 ha·

1090 2376 1307 2446 beant
1341 2391 1689 2470 punctum
1718 2397 2103 2446 commune
2124 2372 2226 2464 D,
2243 2374 2541 2449 ducatur
2562 2395 2749 2451 recta
2781 2377 2919 2450 DL
2936 2377 3314 2452 ordinatim
3342 2374 3686 2474 applicata

1094 2483 1462 2556 communi
1496 2485 1844 2554 diametro
1874 2481 2033 2572 GF,
2068 2483 2243 2555 alter
2272 2486 2617 2560 terminus
2659 2487 2937 2583 hujusce
2971 2491 3314 2567 ordinatae
3347 2487 3407 2559 L
3437 2487 3567 2559 erit
3613 2485 3685 2557 in

1098 2616 1397 2693 utraque
1421 2595 1740 2687 sectione,
1773 2599 1848 2669 &
1893 2594 2188 2691 proinde
2236 2595 2347 2669 hae
2386 2595 2716 2671 sectiones
2750 2597 2816 2670 se
2847 2598 3155 2672 invicem
3198 2601 3689 2698 contingentes

1096 2712 1170 2786 in
1195 2710 1458 2810 puncto
1478 2708 1567 2799 A,
1607 2708 1679 2781 in
1730 2706 1956 2781 tribus
2002 2708 2153 2781 aliis
2210 2706 2490 2804 punctis
2536 2707 2619 2799 B,
2649 2710 2750 2802 D,
2781 2712 2868 2801 L,
2930 2707 3053 2784 fibi
3105 2709 3410 2786 invicem
3449 2740 3693 2789 occur·

1101 2842 1334 2899 terent
1350 2840 1595 2895 contra
1621 2822 2175 2917 praecedentem:
2201 2823 2316 2896 vel
2352 2821 2399 2896 fi
2424 2840 2771 2918 punctum
2797 2826 2857 2897 C
2889 2825 2958 2897 in
2990 2814 3336 2899 diametro
3358 2808 3491 2899 G'F
3515 2827 3697 2905 effet

1100 2936 1383 3032 utrique
1409 2934 1689 3009 sectioni
1724 2958 2134 3028 commune,
2184 2954 2344 3011 tum
2385 2953 2576 3010 recta
2633 2959 2758 3034 per
2795 2940 2856 3013 C
2883 2937 3099 3009 ducta
3139 2936 3260 3034 ipfi
3312 2924 3438 3011 BA
3498 2965 3698 3037 para-

1108 3047 1293 3140 lella,
1339 3065 1716 3141 utramque
1769 3046 2152 3122 sectionem
2207 3048 2279 3121 in
2338 3065 2606 3144 puncto
2643 3049 2703 3121 C
2744 3049 3179 3145 contingeret
3214 3052 3407 3142 (Cor.
3464 3055 3526 3128 8.
3581 3077 3695 3150 25.

1108 3160 1231 3236 lib.
1277 3163 1373 3254 1.)
1399 3177 1717 3233 occurrat
1748 3157 1924 3232 ‘haec
1974 3159 2390 3257 contingens
2434 3158 2870 3256 contingenti
2900 3156 3028 3232 GB
3059 3159 3127 3232 in
3156 3160 3262 3246 E;
3316 3179 3474 3235 tum
3513 3184 3703 3238 recta

1109 3272 1251 3347 ΕΗ
1274 3293 1398 3369 per
1425 3271 1487 3344 E
1507 3271 1717 3346 ducta
1740 3267 2065 3342 bifariam
2090 3268 2324 3366 secans
2350 3265 2682 3364 junctam
2732 3265 2853 3344 BC
2870 3271 3003 3345 erit
3018 3272 3417 3346 communis
3437 3274 3705 3350 diame-

1113 3406 1222 3461 ter
1259 3383 1616 3478 utriusque
1658 3380 2006 3474 sectionis,
2073 3385 2150 3455 ὅτ
2181 3379 2233 3453 fi
2265 3382 2475 3479 igitur
2505 3405 2547 3453 a
2572 3379 2842 3476 reliquo
2898 3401 3164 3479 puncto
3208 3389 3574 3460 communi
3631 3389 3704 3462 A

1118 3501 1417 3585 ducatur
1441 3488 1532 3569 ad
1563 3496 1742 3568 hanc
1772 3495 2201 3568 diametrum
2226 3493 2605 3568 ordinatim
2627 3495 2993 3592 applicata,
3027 3497 3368 3573 terminus
3418 3498 3565 3596 ejus
3610 3503 3711 3575 al-

1117 3628 1229 3684 ter
1281 3609 1414 3682 erit
1440 3608 1514 3680 in
1547 3623 1844 3700 utraque
1893 3606 2193 3678 sectione
2245 3623 2489 3678 contra
2540 3607 3084 3702 praecedentem,
3139 3627 3218 3684 ut
3245 3610 3439 3706 prius
3477 3636 3496 3688 ε
3546 3636 3714 3710 ergo

1123 3718 1405 3794 nullum
1437 3716 1536 3793 est
1569 3732 1919 3812 punctum
1943 3713 2358 3793 sectionibus
2385 3740 2770 3794 commune
2818 3740 3064 3820 praeter
3118 3740 3381 3816 puncta
3432 3741 3714 3797 contac-

1124 3829 1501 4004 ωὲεὲιῖιιὲο
1524 3923 1575 3999 fi
1590 3906 2005 4003 communes
2025 3926 2514 4026 contingentes
2541 3951 2667 4027 per
2688 3929 2759 4002 A
2778 3933 2854 4007 ὅτ
2869 3929 2928 4004 Β
2944 3933 3180 4008 ductae
3207 3931 3340 4009 fint
3355 3932 3725 4034 parallelae;

1090 4040 1663 4162 beritjunctaAB
1691 4040 2047 4146 utriusque
2063 4041 2382 4145 sectionis
2407 4041 2778 4143 diameter,
2824 4041 2876 4122 fi
2906 4044 3118 4147 igitur
3144 4046 3484 4127 haberent
3532 4045 3724 4118 aliud

2375 4166 2389 4185 ·’
3317 4226 3328 4237 .
3376 4172 3732 4255 punctum

708 2003 847 2071 Fre.
883 2018 977 2066 κο.
