4196 5352
795 406 1384 527 Sestionum
1431 387 2060 523 Conicarum
2121 405 2376 522 Lib.
2429 407 2585 522 V.
2814 448 2862 523 1
2887 449 2958 561 9
2979 446 3043 558 3

552 681 742 756 Con.
798 683 849 755 1.
902 684 1119 771 Hinc,
1172 680 1219 754 fi
1259 706 1297 753 a
1329 702 1592 776 puncto
1625 684 1694 755 A
1730 682 1990 755 vertice
2033 681 2205 770 axis,
2256 680 2378 774 qui
2426 684 2495 754 in
2527 679 2758 775 Ellipfi
2793 669 2874 754 ὅτ
2897 682 3051 776 Hy-

450 793 738 889 perbola
787 794 884 868 est
933 794 1367 884 transversim,
1419 813 1717 889 ponatur
1772 795 1840 865 in
1896 818 2024 865 axe
2074 799 2148 866 &
2204 793 2382 863 intra
2426 792 2797 864 sectionem
2860 805 3049 866 recta

452 903 600 992 ΑΡ,
656 926 794 976 non
830 904 1045 998 major
1075 928 1290 998 quam
1324 905 1702 977 dimidium
1734 903 1940 998 ipsius
1970 900 2108 974 AC
2129 904 2502 998 parametri
2543 902 2845 998 ejusdem
2878 903 3050 991 axiS‚

450 1016 582 1086 erit
610 1016 737 1088 PA
770 1016 1065 1088 minima
1099 1016 1422 1089 omnium
1459 1034 1831 1112 rectarum,
1882 1037 2037 1107 quae
2069 1015 2161 1086 ab
2209 1015 2459 1087 eodem
2497 1032 2759 1110 puncto
2806 1014 2861 1084 P
2890 1015 3057 1087 duci

451 1127 725 1220 possunt
773 1132 863 1202 ad
916 1132 1308 1204 sectionem.
1414 1130 1484 1205 Si
1543 1154 1712 1203 vero
1768 1152 1811 1201 a
1858 1128 2119 1201 vertice
2176 1131 2324 1202 axis
2374 1130 2663 1201 minoris
2719 1127 3051 1222 Ellipseos

451 1259 753 1334 ponatur
794 1261 982 1316 recta
1021 1244 1174 1333 ΑΡ,
1222 1265 1364 1317 non
1405 1242 1635 1315 minor
1664 1265 1883 1336 quam
1916 1241 2296 1313 dimidium
2340 1239 2714 1336 parametri
2746 1239 3053 1335 ejusdem

442 1355 614 1446 axi8‚
665 1357 796 1429 erit
828 1356 956 1428 ΡΑ
984 1357 1296 1430 maxima
1322 1357 1645 1427 omnium
1674 1372 2048 1444 rectarum,
2096 1379 2252 1449 quae
2281 1355 2374 1426 ab
2415 1354 2668 1428 eodem
2697 1371 2963 1448 puncto
2991 1355 3047 1427 P

448 1461 613 1536 duci
663 1465 933 1559 pofl'unt
962 1466 1050 1537 ad
1082 1464 1479 1537 sectionem.
1579 1464 1775 1534 Nam
1822 1465 1894 1534 in
1925 1466 2156 1558 priore
2184 1465 2340 1537 casu
2386 1467 2721 1559 quoniam
2754 1464 3055 1537 circulus

450 1576 647 1648 radio
675 1576 799 1649 PA
827 1576 1208 1672 descriptus
1236 1599 1377 1647 non
1401 1574 1587 1647 cadit
1617 1591 1815 1644 extra
1841 1573 2184 1645 circulum
2213 1572 2436 1663 Alie,
2490 1577 2620 1645 erit
2649 1591 2836 1645 totus
2876 1576 3058 1647 intra

449 1688 873 1775 sectionem;
922 1694 997 1763 ὅτ
1039 1689 1378 1784 quoniam
1421 1686 1537 1759 hic
1582 1683 1881 1757 circulus
1935 1683 2004 1755 in
2061 1683 2434 1778 posteriore
2468 1685 2624 1755 casu
2674 1707 2815 1755 non
2868 1686 3056 1760 eadit

452 1799 635 1872 intra
661 1801 1003 1874 circulum
1028 1800 1218 1873 AEC
1245 1801 1374 1874 erit
1398 1815 1583 1872 totus
1612 1814 1807 1870 extra
1826 1794 2226 1888 sectionem,
2248 1797 2438 1870 unde
2469 1796 2542 1870 in
2569 1813 2871 1891 utroque
2896 1799 3053 1870 casu

452 1912 718 2000 constat
737 1908 1184 2007 propositum.

553 2044 743 2117 Con.
795 2040 886 2115 11.
936 2040 1157 2132 Hinc,
1207 2040 1256 2114 fi
1298 2042 1367 2114 in
1406 2042 1526 2126 AB
1565 2066 1695 2115 axe
1728 2040 2044 2115 sectionis
2074 2040 2331 2114 conicae
2362 2040 2517 2135 (qui
2552 2040 2620 2112 in
2669 2042 2902 2142 Ellipfi
2935 2066 3055 2120 aut

454 2155 870 2252 Hyperbola
913 2154 1013 2228 est
1064 2153 1511 2251 transversus)
1563 2157 1769 2228 detur
1798 2171 2147 2253 punctum
2175 2158 2233 2228 P
2261 2153 2458 2247 cujus
2487 2155 2808 2229 distantia
2839 2184 2879 2230 a
2911 2184 3063 2250 vet-

454 2269 592 2341 tice
629 2266 952 2363 propiore
990 2266 1139 2337 axis
1172 2262 1230 2336 B
1260 2266 1357 2338 est
1400 2265 1620 2361 major
1650 2267 1945 2338 dimidio
1976 2264 2185 2360 ipfius
2228 2268 2627 2360 parametri‚
2680 2286 2872 2362 patet
2909 2296 3058 2343 rne-

452 2377 712 2449 thodus
752 2375 1056 2450 ducendi
1086 2391 1347 2450 rectam
1382 2399 1422 2447 a
1448 2394 1713 2470 puncto
1756 2379 1839 2464 P,
1867 2399 2028 2470 quae
2072 2374 2158 2448 fit
2198 2376 2495 2449 minima
2537 2380 2864 2452 omnium
2910 2405 3059 2455 rec-

366 2489 369 2492 “
453 2506 691 2562 tarum
725 2510 886 2584 quae
916 2487 1010 2559 ab
1063 2488 1317 2576 eodem
1367 2505 1630 2582 puncto
1669 2489 1833 2562 duci
1889 2488 2164 2580 possunt
2217 2490 2307 2557 ad
2357 2489 2733 2563 sectionem
2785 2495 2937 2572 seiz.
2968 2499 3058 2570 ad

451 2603 755 2676 eandem
781 2618 1051 2697 partem
1085 2600 1251 2668 axis.
1808 2593 1814 2599 “

550 2730 744 2803 Cum
773 2723 981 2796 sectio
1010 2720 1093 2794 {it
1114 2718 1453 2793 Parabola
1475 2733 1773 2812 ponatur
1809 2717 1880 2787 in
1905 2738 2036 2788 axe
2062 2735 2252 2788 recta
2282 2717 2434 2807 ΡΟ,
2469 2720 2703 2794 versus
2721 2726 3063 2798 verticem

456 2841 606 2917 axis
648 2837 733 2927 Β,
787 2835 1071 2931 aequalis
1117 2831 1414 2908 dimidio
1456 2829 1834 2925 parametri
1869 2830 2043 2919 axi3‚
2097 2834 2173 2903 ὅτ
2215 2853 2382 2902 cum
2432 2830 2639 2908 sectio
2672 2833 2755 2909 fit
2797 2838 3073 2934 Ellipsts

457 2970 581 3028 aut
603 2946 1021 3046 Hyperbola
1051 2964 1351 3038 ponatur
1385 2945 1455 3012 in
1486 2965 1615 3013 axe
1648 2964 1689 3011 a
1712 2959 1957 3012 centro
1987 2938 2053 3012 C
2084 2958 2276 3012 recta
2305 2941 2444 3015 CO
2467 2945 2704 3019 versus
2729 2952 3073 3023 verticem

458 3066 610 3138 axis
657 3063 714 3131 B
759 3059 856 3130 ita
881 3073 963 3128 ut
993 3054 1126 3125 CO
1157 3052 1237 3125 fit
1278 3053 1367 3123 ad
1396 3052 1548 3140 ΡΟ,
1598 3069 1680 3123 ut
1716 3053 1867 3123 axis
1898 3050 2019 3125 AB
2050 3054 2139 3124 ad
2177 3051 2390 3148 'ipsius
2434 3078 2938 3152 parametrum‚
2991 3067 3066 3136 ὅτ

459 3177 536 3250 in
565 3169 761 3246 omni
790 3162 1070 3237 sectioni
1104 3162 1397 3235 ducatur
1443 3184 1566 3256 per
1610 3181 1958 3257 punctum
2001 3162 2070 3234 Ο
2096 3181 2287 3237 recta
2316 3169 2429 3239 axi
2477 3173 3069 3266 perpendicularis

458 3280 742 3360 sectioni
774 3299 1148 3352 occurrens
1197 3274 1270 3347 in
1305 3272 1405 3365 T,
1439 3274 1572 3346 erit
1596 3273 1855 3379 juncta
1888 3275 2019 3351 PT
2054 3295 2244 3349 recta
2277 3278 2619 3355 ducenda.
2722 3282 2919 3357 Nam
2947 3268 3074 3381 pei

461 3414 814 3497 punctum
868 3390 944 3465 T
1000 3388 1296 3462 ducatur
1350 3405 1538 3462 recta
1590 3388 1964 3463 sectionem
2010 3390 2454 3486 contingenS,
2505 3395 2637 3469 erit
2692 3414 2882 3469 recta
2941 3398 3075 3472 PT

463 3509 628 3582 huic
658 3502 1093 3601 contingenti
1148 3501 1761 3598 perpendiculariS,
1810 3519 1891 3576 ut
1925 3502 2190 3575 constat
2225 3528 2313 3575 ex
2362 3524 2534 3601 part.
2600 3532 2656 3583 1.
2705 3512 2908 3605 Prop.
2953 3531 3068 3606 25.

462 3630 539 3699 δι
580 3624 793 3715 Prop.
829 3642 946 3711 24.
980 3617 1099 3689 lib.
1151 3642 1216 3690 2.
1260 3639 1429 3711 ergo
1479 3633 1668 3697 recta
1722 3613 1858 3688 PT
1908 3615 2006 3688 est
2049 3615 2353 3689 m'inima
2413 3639 2762 3694 rectarum
2817 3646 2976 3715 quae
3027 3648 3068 3695 a

464 3750 730 3831 puncto
779 3733 838 3805 P
863 3726 1026 3800 duci
1058 3724 1337 3823 „possunt
1386 3726 1476 3798 ad
1516 3726 1893 3802 sectionem
1951 3728 2108 3801 seiz,
2165 3727 2254 3801 ad
2288 3732 2586 3804 eandem
2618 3749 2896 3828 partem
2924 3733 3071 3807 axis

464 3872 593 3948 per
622 3848 781 3919 Cor.
826 3867 885 3916 1.
917 3842 1120 3939 Prop.
1170 3864 1275 3934 13.
1310 3840 1541 3940 hujus,

527 3975 731 4052 ·Et.fi
763 3974 832 4047 in
862 3995 993 4046 axe
1015 3971 1316 4046 secundo
1344 3972 1783 4070 Hyperbolae
1812 3975 2019 4047 detur
2051 3992 2401 4070 punctum
2429 3977 2539 4070 Q
2566 3979 2654 4051 ad
2680 3978 3068 4078 quamlibet

402 4115 408 4119 ·
436 4144 439 4149 -
465 4091 864 4192 distantiam
890 4110 934 4192 a
960 4088 1509 4185 cenum-eadem
1538 4092 1809 4273 prorsli315
1814 4086 2178 4274 bmethodo
2217 4090 2542 4169 ducenda
2565 4095 2665 4170 est
2707 4112 2895 4169 recta
2905 4087 3070 4306 ἓξ

3118 2077 3253 2139 Fxo.
3303 2098 3388 2148 τι,

3293 2177 3387 2219 22·
