4196 5352
934 363 971 422 ς
1010 257 1650 468 ..ςεέῗίρηιιῂῑ
1711 271 2346 424 Οοηὶσανκιη
2401 305 2657 425 Lib.
2712 308 2869 427 V.
3059 349 3130 429 2
3145 350 3214 426 o
3228 351 3301 465 9

682 489 772 585 C,
826 477 1141 572 transibit
1170 499 1385 572 etiam
1426 521 1549 594 per
1585 500 1656 570 D
1690 497 1719 585 3'
1761 525 1929 574 nam
1977 500 2028 575 si
2058 525 2228 591 non,
2288 522 2610 576 occurrat
2658 521 2864 576 rectae
2913 497 3045 574 BD
3091 502 3161 574 in
3208 499 3303 590 X,

544 667 549 670 ,
685 608 1115 704 tumjuncta
1170 611 1306 687 AX
1336 633 1730 714 occurreret
1772 615 1895 714 ipsi
1948 616 2077 689 BC
2134 620 2206 691 in
2234 618 2320 711 E,
2383 642 2509 715 per
2563 622 2625 692 8.
2681 615 2913 714 hujuS,
2969 605 3159 722 qu‘od
3202 616 3304 690 est

612 749 615 752 ·
682 721 1065 798 absurdum
1096 762 1118 814 3
1151 749 1321 823 ergo
1338 727 1557 802 sectio·
1571 728 1889 829 transibit
1921 754 2045 825 per
2063 729 2160 804 D.

780 848 853 920 Si
881 872 1071 948 nunc
1092 833 1257 940 AB,
1296 852 1460 943 DC,
1495 853 1639 925 duo
1677 850 1894 924 latera
1923 853 2212 952 trapezii
2243 850 2377 925 sint
2428 853 2779 948 parallela,
2835 870 3025 926 recta
3054 853 3174 927 EF
3222 876 3307 927 ea

680 957 991 1048 bisecans
1022 967 1154 1039 erit
1184 967 1551 1057 diameter,
1579 983 1652 1037 et
1678 962 1728 1036 s1
1756 966 2179 1063 contingens
2207 964 2335 1039 GB
2360 985 2679 1040 occurrat
2705 964 2821 1066 ipsi
2851 967 2971 1039 EF
2999 985 3079 1039 ut
3108 969 3178 1039 in
3218 969 3313 1060 G,

680 1089 840 1148 tum
867 1080 1283 1176 contingens
1313 1104 1439 1179 per
1476 1081 1548 1152 A
1594 1079 1809 1152 ducta
1835 1099 2156 1154 occurret
2183 1079 2305 1178 ipfi
2353 1082 2473 1154 EF
2505 1081 2576 1154 in
2621 1082 2875 1154 eodem
2904 1100 3167 1177 puncto
3209 1080 3302 1169 G,

680 1182 755 1258 in
788 1212 931 1283 quo
959 1194 1114 1263 casu
1144 1193 1351 1265 sectio
1383 1192 1837 1266 describenda
1866 1192 1966 1266 est
1995 1211 2074 1266 ut
2117 1194 2355 1292 prius3
2406 1193 2457 1266 fi
2497 1218 2667 1266 vero
2713 1194 3126 1289 contingens
3181 1188 3310 1263 GB

646 1297 761 1390 ‚fit
788 1300 1137 1373 diametro
1166 1300 1292 1373 EF
1339 1304 1696 1397 parallela,
1747 1306 2169 1403 contingens
2217 1329 2342 1403 per
2375 1306 2446 1378 A
2473 1307 2689 1379 ducta
2740 1307 2871 1379 erit
2921 1306 3155 1378 eidem
3186 1301 3310 1377 EF

673 1414 1029 1508 parallela,
1082 1417 1159 1489 ὅτ
1184 1414 1393 1489 sectio
1429 1415 1884 1490 describenda
1914 1423 2046 1492 erit
2101 1420 2400 1517 Ellipfis,
2451 1424 2525 1496 in
2565 1448 2718 1519 qua
2764 1444 2951 1498 recta
3001 1420 3123 1496 AB
3175 1422 3309 1495 erit

675 1523 1026 1599 diameter
1056 1525 1180 1622 ipsi
1228 1526 1350 1599 EF
1378 1525 1772 1624 conjugata,
1824 1534 1899 1604 ὅτ
1933 1554 2102 1627 ergo
2134 1529 2187 1601 ss
2248 1556 2289 1603 a
2315 1555 2581 1628 puncto
2634 1536 2709 1607 D
2740 1537 2854 1608 vel
2902 1539 2963 1609 C
3011 1536 3307 1618 ducatur

674 1636 767 1709 ad
787 1639 914 1709 AB
941 1655 1156 1730 recta,
1183 1637 1305 1735 ipfi
1334 1637 1458 1711 EF
1480 1641 1833 1735 parallela,
1854 1642 1985 1715 erit
2013 1643 2162 1715 haec
2181 1645 2562 1717 ordinatim
2591 1646 2936 1742 applicata
2964 1647 3312 1719 diametro

673 1744 827 1846 AB,
880 1752 957 1824 ὅτ
1007 1750 1263 1823 exinde
1305 1759 1461 1846 (per
1511 1751 1671 1826 Cor.
1732 1774 1792 1828 1.
1849 1749 1964 1848 31'.
2021 1753 2143 1828 lib.
2192 1758 2286 1845 1.)
2344 1756 2641 1832 inveniri
2695 1756 2971 1855 poffunt
3014 1757 3313 1831 vertices

677 1862 1011 1938 diametri
1033 1863 1180 1954 EF,
1232 1880 1307 1937 et
1334 1865 1627 1938 describi
1659 1868 1914 1961 poterit
1938 1865 2207 1968 Ellipfis
2231 1893 2355 1966 per
2374 1873 2582 1969 Prop.
2618 1892 2731 1968 35.
2760 1873 2877 1948 lib.
2918 1896 2980 1950 2.

774 1985 859 2058 Si
932 1986 1242 2080 denique
1304 2007 1507 2061 rectae
1575 2009 1877 2085 quatuor
1942 2012 2209 2088 puncta
2243 1995 2434 2068 ⁴data
2477 1995 2867 2095 jungentes
2935 2000 3315 2074 conficiant

676 2101 1450 2197 parallelogrammum,
1500 2103 1709 2177 sectio
1761 2107 1893 2180 erit
1945 2106 2219 2205 Ellipfis
2277 2107 2476 2207 cujus
2533 2112 2859 2186 diametri
2915 2115 3309 2212 conjugata:

674 2210 837 2284 sunt
866 2230 1075 2286 rectae
1129 2211 1459 2288 bifariam
1517 2215 1825 2290 secantes
1872 2219 2090 2292 latera
2146 2219 2460 2318 opposita
2517 2225 3182 2324 parallelogrammi,
3237 2243 3310 2300 et

674 2343 924 2418 earum
954 2325 1482 2425 magnitudines
1515 2326 1974 2404 inveniuntur
2009 2354 2136 2431 per
2171 2335 2385 2431 Prop.
2421 2340 2541 2430 48.
2571 2336 2689 2413 lib.
2732 2362 2796 2412 1.
2996 2340 3094 2439 Q
3117 2337 3197 2414 E.
3228 2338 3305 2411 F.

1113 2569 1181 2650 P
1216 2570 1296 2650 R
1332 2568 1411 2650 o
1454 2568 1539 2650 P.
1651 2567 2023 2694 XXJYr„
2057 2575 2126 2656 P
2163 2576 2356 2681 Ro
2395 2541 2598 2683 aL.
2711 2578 2854 2655 w.

671 2758 897 2839 Datis
957 2753 1326 2865 pofitione
1386 2750 1731 2861 quinque
1790 2750 2035 2873 rectis,
2095 2751 2509 2837 sectionem
2560 2760 2910 2883 conicam
2976 2744 3278 2852 contin-

752 2883 1145 3001 gentibus
1178 2897 1205 2977 3
1260 2880 1602 2961 invenire
1638 2897 1924 2997 puncta
1949 2884 2449 2987 ·contactusin
2487 2885 2686 2997 ipsis,
2745 2891 2922 2975 seiz.
2953 2894 3279 2982 sectione

785 3006 1159 3121 pofitione
1196 3004 1354 3087 non
1382 3004 1579 3086 data.
1622 3006 1625 3009 ’
1936 3008 1945 3017 ’
2052 3010 2057 3015 ’
2211 3014 2214 3017 ‘
2329 3010 2334 3015 ’
3246 3022 3250 3029 ’

654 3202 847 3399 C
874 3199 946 3297 O
966 3201 1045 3275 N
1069 3199 1148 3276 T
1174 3200 1301 3274 IN
1321 3198 1579 3275 GAN
1602 3199 1680 3275 T
1707 3202 2086 3282 sectionem
2115 3207 2438 3302 conicam
2484 3230 2690 3287 rectae
2720 3216 2869 3311 AB,
2924 3217 3072 3315 BC,
3120 3223 3279 3320 CD,
3340 3237 3489 3304 Fre.
3523 3248 3613 3322 38.

868 3352 873 3355 -
906 3314 1076 3408 DE,
1106 3312 1265 3406 EA,
1297 3312 1820 3391 &invenienda
1858 3314 2028 3397 'sunt
2058 3320 2323 3421 puncta
2348 3322 2716 3404 contactus
2743 3336 2816 3408 in
2843 3334 3025 3431 ipsis,
3233 3356 3246 3397 -'

759 3430 869 3504 Sit
904 3426 1242 3513 ABCDE
1269 3430 1890 3535 quinquelatemm
1931 3438 2503 3537 contingentibus
2541 3450 3146 3547 comprehensum,
3195 3459 3275 3533 δε

654 3539 1067 3638 ‘appelletur
1121 3537 1244 3613 AB
1280 3540 1479 3631 latus*
1508 3545 1804 3637 primum
1846 3546 1967 3621 BC
1996 3549 2167 3623 tatus
2182 3558 2568 3659 secundum,
2597 3557 2675 3633 δι
2732 3562 2830 3645 ita
2891 3548 3271 3665 deinceps3

661 3649 890 3748 fitque
916 3648 1174 3727 -FBCD
1198 3652 1752 3748 quadrilaterum
1776 3677 2192 3737 contentum
2218 3656 2465 3763 primis
2485 3656 2789 3766 quatuor
2809 3675 3164 3769 lateribuS,
3194 3687 3273 3757 δε

663 3764 1015 3840 ducantur
1066 3780 1268 3838 rectae
1296 3766 1701 3863 diagonales
1719 3764 1883 3864 BD,
1932 3770 2078 3865 FC,
2107 3765 2234 3852 fibi
2282 3767 2534 3858 mutuo
2561 3770 2999 3863 occurrentes
3030 3791 3100 3866 in
3130 3793 3267 3871 M:

651 3862 911 3943 omiflo
928 3861 1077 3950 jam
1106 3865 1641 3961 quinquelateri
1660 3870 1903 3963 *primo
1926 3871 2145 3948 latere
2173 3878 2327 3970 AB,
2362 3878 2445 3954 s1t
2465 3882 2699 3958 ICDE
2723 3888 3275 3981 quadrilaterum

652 3977 952 4080 ,reliquis
976 3988 1423 4078 contentum,
1442 3986 1534 4063 s&
1549 3982 1902 4064 ducantur
1930 3988 2338 4176 Ἑεςοηειῑεε
2382 3994 2593 4097 ipsius
2612 4001 2749 4098 ID,
2780 4002 2903 4080 CE
2933 4001 3059 4079 fibi
3081 4066 3088 4071 .
3111 4030 3270 4085 mu-

788 4157 801 4167 .
2062 4104 2116 4180 d
3135 4136 3265 4196 tuo
