<?xml version="1.0" encoding="UTF-8"?>
<!DOCTYPE html PUBLIC "-//W3C//DTD XHTML 1.0 Transitional//EN"
    "http://www.w3.org/TR/xhtml1/DTD/xhtml1-transitional.dtd">
<html xmlns="http://www.w3.org/1999/xhtml" xml:lang="en" lang="en">
 <head>
  <title>
</title>
<meta http-equiv="Content-Type" content="text/html;charset=utf-8" />
  <meta name='ocr-system' content='tesseract 3.04.00' />
  <meta name='ocr-capabilities' content='ocr_page ocr_carea ocr_par ocr_line ocrx_word'/>
</head>
<body>
  <div class='ocr_page' id='page_1' title='image "./desectionibusco01hamigoog_0091.png"; bbox 0 0 4196 5352; ppageno 0'>
   <div class='ocr_carea' id='block_1_1' title="bbox 971 469 3167 640">
    <p class='ocr_par' dir='ltr' id='par_1_1' title="bbox 971 469 3167 640">
     <span class='ocr_line' id='line_1_1' title="bbox 971 469 3167 640; baseline 0.004 -48"><span class='ocrx_word' id='word_1_1' title='bbox 971 469 1562 592; x_wconf 68' lang='lat' dir='ltr'>SeHionum</span> <span class='ocrx_word' id='word_1_2' title='bbox 1614 472 2248 593; x_wconf 81' lang='lat' dir='ltr'>Conicarum</span> <span class='ocrx_word' id='word_1_3' title='bbox 2287 475 2540 596; x_wconf 83' lang='lat' dir='ltr'>Lib.</span> <span class='ocrx_word' id='word_1_4' title='bbox 2614 482 2705 598; x_wconf 93' lang='grc' dir='ltr'>Ι.</span> <span class='ocrx_word' id='word_1_5' title='bbox 3000 488 3167 640; x_wconf 93' lang='lat'>67</span> 
     </span>
    </p>
   </div>
   <div class='ocr_carea' id='block_1_2' title="bbox 560 642 3180 883">
    <p class='ocr_par' dir='ltr' id='par_1_2' title="bbox 560 642 3180 883">
     <span class='ocr_line' id='line_1_2' title="bbox 560 642 3180 859; baseline 0.004 -115"><span class='ocrx_word' id='word_1_6' title='bbox 560 673 658 761; x_wconf 91' lang='lat' dir='ltr'>D,</span> <span class='ocrx_word' id='word_1_7' title='bbox 718 675 792 748; x_wconf 75' lang='grc' dir='ltr'>ὅτ</span> <span class='ocrx_word' id='word_1_8' title='bbox 827 671 948 770; x_wconf 85' lang='lat' dir='ltr'>ipfi</span> <span class='ocrx_word' id='word_1_9' title='bbox 980 669 1107 859; x_wconf 60' lang='lat' dir='ltr'>Aa?</span> <span class='ocrx_word' id='word_1_10' title='bbox 1138 673 1435 745; x_wconf 90' lang='lat' dir='ltr'>ducatur</span> <span class='ocrx_word' id='word_1_11' title='bbox 1463 670 1583 745; x_wconf 90' lang='lat' dir='ltr'>FE</span> <span class='ocrx_word' id='word_1_12' title='bbox 1611 642 1991 747; x_wconf 87' lang='lat' dir='ltr'>ordinatim</span> <span class='ocrx_word' id='word_1_13' title='bbox 2027 674 2396 771; x_wconf 85' lang='lat' dir='ltr'>applicata,</span> <span class='ocrx_word' id='word_1_14' title='bbox 2442 678 2575 752; x_wconf 89' lang='lat' dir='ltr'>erit</span> <span class='ocrx_word' id='word_1_15' title='bbox 2630 676 2753 829; x_wconf 63' lang='lat' dir='ltr'>ipsi</span> <span class='ocrx_word' id='word_1_16' title='bbox 2792 677 2926 752; x_wconf 91' lang='lat' dir='ltr'>CO</span> <span class='ocrx_word' id='word_1_17' title='bbox 2957 678 3180 797; x_wconf 88' lang='lat' dir='ltr'>paral-</span> 
     </span>
     <span class='ocr_line' id='line_1_3' title="bbox 564 786 1166 883; baseline -0.002 -23"><span class='ocrx_word' id='word_1_18' title='bbox 564 786 699 860; x_wconf 85' lang='lat' dir='ltr'>lela</span> <span class='ocrx_word' id='word_1_19' title='bbox 753 794 826 862; x_wconf 77' lang='grc' dir='ltr'>ὅτ</span> <span class='ocrx_word' id='word_1_20' title='bbox 860 812 1017 883; x_wconf 87' lang='lat' dir='ltr'>aequ</span> <span class='ocrx_word' id='word_1_21' title='bbox 1090 811 1166 860; x_wconf 76' lang='grc' dir='ltr'>ιε.</span> 
     </span>
    </p>
   </div>
   <div class='ocr_carea' id='block_1_3' title="bbox 562 901 3181 1112">
    <p class='ocr_par' dir='ltr' id='par_1_3' title="bbox 562 901 3181 1112">
     <span class='ocr_line' id='line_1_4' title="bbox 660 901 3181 1006; baseline 0.002 -30"><span class='ocrx_word' id='word_1_22' title='bbox 660 904 1044 997; x_wconf 84' lang='lat' dir='ltr'>Qoniam,</span> <span class='ocrx_word' id='word_1_23' title='bbox 1093 925 1219 999; x_wconf 90' lang='lat' dir='ltr'>per</span> <span class='ocrx_word' id='word_1_24' title='bbox 1269 901 1506 975; x_wconf 89' lang='lat' dir='ltr'>casum</span> <span class='ocrx_word' id='word_1_25' title='bbox 1552 901 2093 998; x_wconf 85' lang='lat' dir='ltr'>praecedentem,</span> <span class='ocrx_word' id='word_1_26' title='bbox 2147 903 2303 978; x_wconf 90' lang='lat' dir='ltr'>sunt</span> <span class='ocrx_word' id='word_1_27' title='bbox 2362 903 2509 998; x_wconf 93' lang='lat' dir='ltr'>EC,</span> <span class='ocrx_word' id='word_1_28' title='bbox 2539 904 2686 995; x_wconf 89' lang='lat' dir='ltr'>BC,</span> <span class='ocrx_word' id='word_1_29' title='bbox 2717 909 2851 981; x_wconf 94' lang='lat' dir='ltr'>DC</span> <span class='ocrx_word' id='word_1_30' title='bbox 2895 931 3181 1006; x_wconf 83' lang='lat' dir='ltr'>propor-</span> 
     </span>
     <span class='ocr_line' id='line_1_5' title="bbox 562 1013 3175 1112; baseline 0.003 -24"><span class='ocrx_word' id='word_1_31' title='bbox 562 1016 880 1105; x_wconf 70' lang='lat' dir='ltr'>tionaleS,</span> <span class='ocrx_word' id='word_1_32' title='bbox 943 1017 1073 1089; x_wconf 90' lang='lat' dir='ltr'>erit</span> <span class='ocrx_word' id='word_1_33' title='bbox 1122 1016 1548 1110; x_wconf 87' lang='lat' dir='ltr'>quadratum</span> <span class='ocrx_word' id='word_1_34' title='bbox 1602 1040 1692 1087; x_wconf 88' lang='lat' dir='ltr'>ex</span> <span class='ocrx_word' id='word_1_35' title='bbox 1724 1013 1855 1087; x_wconf 90' lang='lat' dir='ltr'>EC</span> <span class='ocrx_word' id='word_1_36' title='bbox 1901 1016 1990 1088; x_wconf 89' lang='lat' dir='ltr'>ad</span> <span class='ocrx_word' id='word_1_37' title='bbox 2036 1019 2465 1112; x_wconf 89' lang='lat' dir='ltr'>quadratum</span> <span class='ocrx_word' id='word_1_38' title='bbox 2501 1044 2589 1093; x_wconf 85' lang='lat' dir='ltr'>ex</span> <span class='ocrx_word' id='word_1_39' title='bbox 2618 1019 2763 1109; x_wconf 92' lang='lat' dir='ltr'>BC,</span> <span class='ocrx_word' id='word_1_40' title='bbox 2813 1040 2896 1096; x_wconf 91' lang='lat' dir='ltr'>ut</span> <span class='ocrx_word' id='word_1_41' title='bbox 2931 1023 3056 1095; x_wconf 90' lang='lat' dir='ltr'>EC</span> <span class='ocrx_word' id='word_1_42' title='bbox 3085 1024 3175 1095; x_wconf 89' lang='lat' dir='ltr'>ad</span> 
     </span>
    </p>
   </div>
   <div class='ocr_carea' id='block_1_4' title="bbox 556 1126 3182 1336">
    <p class='ocr_par' dir='ltr' id='par_1_4' title="bbox 556 1126 3182 1336">
     <span class='ocr_line' id='line_1_6' title="bbox 556 1126 3179 1230; baseline 0.002 -30"><span class='ocrx_word' id='word_1_43' title='bbox 556 1126 700 1200; x_wconf 88' lang='lat' dir='ltr'>DC</span> <span class='ocrx_word' id='word_1_44' title='bbox 759 1127 955 1221; x_wconf 90' lang='lat' dir='ltr'>(Cor.</span> <span class='ocrx_word' id='word_1_45' title='bbox 994 1152 1105 1204; x_wconf 89' lang='grc' dir='ltr'>2ο.</span> <span class='ocrx_word' id='word_1_46' title='bbox 1144 1128 1247 1224; x_wconf 91' lang='lat'>6.)</span> <span class='ocrx_word' id='word_1_47' title='bbox 1312 1152 1480 1226; x_wconf 85' lang='lat' dir='ltr'>ergo</span> <span class='ocrx_word' id='word_1_48' title='bbox 1509 1126 1917 1221; x_wconf 91' lang='lat' dir='ltr'>dividendo,</span> <span class='ocrx_word' id='word_1_49' title='bbox 1971 1129 2105 1203; x_wconf 90' lang='lat' dir='ltr'>erit</span> <span class='ocrx_word' id='word_1_50' title='bbox 2146 1131 2635 1227; x_wconf 85' lang='lat' dir='ltr'>rectangulum</span> <span class='ocrx_word' id='word_1_51' title='bbox 2665 1133 2855 1205; x_wconf 92' lang='lat' dir='ltr'>BEA</span> <span class='ocrx_word' id='word_1_52' title='bbox 2893 1135 2980 1207; x_wconf 88' lang='lat' dir='ltr'>ad</span> <span class='ocrx_word' id='word_1_53' title='bbox 3006 1158 3179 1230; x_wconf 88' lang='lat' dir='ltr'>qua-</span> 
     </span>
     <span class='ocr_line' id='line_1_7' title="bbox 561 1240 3182 1336; baseline 0.003 -26"><span class='ocrx_word' id='word_1_54' title='bbox 561 1242 842 1312; x_wconf 79' lang='lat' dir='ltr'>dratum</span> <span class='ocrx_word' id='word_1_55' title='bbox 866 1268 952 1312; x_wconf 79' lang='lat' dir='ltr'>ex</span> <span class='ocrx_word' id='word_1_56' title='bbox 984 1240 1136 1332; x_wconf 88' lang='lat' dir='ltr'>BC,</span> <span class='ocrx_word' id='word_1_57' title='bbox 1166 1259 1250 1314; x_wconf 93' lang='lat' dir='ltr'>ut</span> <span class='ocrx_word' id='word_1_58' title='bbox 1270 1240 1409 1314; x_wconf 84' lang='grc' dir='ltr'>ΕΙ)</span> <span class='ocrx_word' id='word_1_59' title='bbox 1441 1241 1531 1313; x_wconf 91' lang='lat' dir='ltr'>ad</span> <span class='ocrx_word' id='word_1_60' title='bbox 1559 1241 1693 1312; x_wconf 92' lang='lat' dir='ltr'>DC</span> <span class='ocrx_word' id='word_1_61' title='bbox 1719 1278 1739 1329; x_wconf 73' lang='lat'>3</span> <span class='ocrx_word' id='word_1_62' title='bbox 1767 1241 1882 1314; x_wconf 87' lang='lat' dir='ltr'>sed</span> <span class='ocrx_word' id='word_1_63' title='bbox 1913 1243 2338 1336; x_wconf 85' lang='lat' dir='ltr'>quadratum</span> <span class='ocrx_word' id='word_1_64' title='bbox 2358 1268 2447 1316; x_wconf 82' lang='lat' dir='ltr'>ex</span> <span class='ocrx_word' id='word_1_65' title='bbox 2478 1244 2794 1317; x_wconf 90' lang='lat' dir='ltr'>ordinata</span> <span class='ocrx_word' id='word_1_66' title='bbox 2824 1244 2943 1318; x_wconf 89' lang='lat' dir='ltr'>FE</span> <span class='ocrx_word' id='word_1_67' title='bbox 2973 1246 3072 1319; x_wconf 87' lang='lat' dir='ltr'>est</span> <span class='ocrx_word' id='word_1_68' title='bbox 3092 1248 3182 1318; x_wconf 88' lang='lat' dir='ltr'>ad</span> 
     </span>
    </p>
   </div>
   <div class='ocr_carea' id='block_1_5' title="bbox 557 1355 3178 1454">
    <p class='ocr_par' dir='ltr' id='par_1_5' title="bbox 557 1355 3178 1454">
     <span class='ocr_line' id='line_1_8' title="bbox 557 1355 3178 1454; baseline 0.003 -30"><span class='ocrx_word' id='word_1_69' title='bbox 557 1358 988 1445; x_wconf 82' lang='lat' dir='ltr'>quadratum</span> <span class='ocrx_word' id='word_1_70' title='bbox 1022 1358 1110 1430; x_wconf 78' lang='lat' dir='ltr'>ex</span> <span class='ocrx_word' id='word_1_71' title='bbox 1140 1355 1652 1429; x_wconf 81' lang='lat' dir='ltr'>semidiametro</span> <span class='ocrx_word' id='word_1_72' title='bbox 1681 1355 1980 1429; x_wconf 72' lang='lat' dir='ltr'>secunda</span> <span class='ocrx_word' id='word_1_73' title='bbox 2012 1355 2194 1446; x_wconf 91' lang='lat' dir='ltr'>CM,</span> <span class='ocrx_word' id='word_1_74' title='bbox 2243 1375 2326 1430; x_wconf 91' lang='lat' dir='ltr'>ut</span> <span class='ocrx_word' id='word_1_75' title='bbox 2355 1359 2845 1454; x_wconf 83' lang='lat' dir='ltr'>rectangulum</span> <span class='ocrx_word' id='word_1_76' title='bbox 2874 1359 3060 1431; x_wconf 87' lang='lat' dir='ltr'>BEA</span> <span class='ocrx_word' id='word_1_77' title='bbox 3089 1360 3178 1433; x_wconf 89' lang='lat' dir='ltr'>ad</span> 
     </span>
    </p>
   </div>
   <div class='ocr_carea' id='block_1_6' title="bbox 413 1467 3181 1568">
    <p class='ocr_par' dir='ltr' id='par_1_6' title="bbox 413 1467 3181 1568">
     <span class='ocr_line' id='line_1_9' title="bbox 413 1467 3181 1568; baseline -0.001 -21"><span class='ocrx_word' id='word_1_78' title='bbox 413 1541 419 1547; x_wconf 89' lang='lat'><strong>.</strong></span> <span class='ocrx_word' id='word_1_79' title='bbox 559 1474 988 1565; x_wconf 81' lang='lat' dir='ltr'>quadratum</span> <span class='ocrx_word' id='word_1_80' title='bbox 1032 1496 1122 1546; x_wconf 84' lang='lat' dir='ltr'>ex</span> <span class='ocrx_word' id='word_1_81' title='bbox 1178 1472 1297 1546; x_wconf 89' lang='lat' dir='ltr'>BC</span> <span class='ocrx_word' id='word_1_82' title='bbox 1333 1490 1415 1545; x_wconf 90' lang='lat' dir='ltr'>ut</span> <span class='ocrx_word' id='word_1_83' title='bbox 1448 1470 1715 1544; x_wconf 81' lang='lat' dir='ltr'>constat</span> <span class='ocrx_word' id='word_1_84' title='bbox 1742 1492 1831 1543; x_wconf 84' lang='lat' dir='ltr'>ex</span> <span class='ocrx_word' id='word_1_85' title='bbox 1866 1467 2028 1544; x_wconf 85' lang='lat' dir='ltr'>Des.</span> <span class='ocrx_word' id='word_1_86' title='bbox 2080 1495 2194 1562; x_wconf 86' lang='grc'>24.</span> <span class='ocrx_word' id='word_1_87' title='bbox 2246 1495 2415 1568; x_wconf 86' lang='lat' dir='ltr'>ergo</span> <span class='ocrx_word' id='word_1_88' title='bbox 2457 1473 2884 1567; x_wconf 87' lang='lat' dir='ltr'>quadratum</span> <span class='ocrx_word' id='word_1_89' title='bbox 2919 1495 3010 1544; x_wconf 83' lang='lat' dir='ltr'>ex</span> <span class='ocrx_word' id='word_1_90' title='bbox 3057 1470 3118 1544; x_wconf 91' lang='lat' dir='ltr'>F</span> <span class='ocrx_word' id='word_1_91' title='bbox 3119 1474 3181 1545; x_wconf 91' lang='lat' dir='ltr'>E</span> 
     </span>
    </p>
   </div>
   <div class='ocr_carea' id='block_1_7' title="bbox 559 1582 3178 1681">
    <p class='ocr_par' dir='ltr' id='par_1_7' title="bbox 559 1582 3178 1681">
     <span class='ocr_line' id='line_1_10' title="bbox 559 1582 3178 1681; baseline 0.002 -27"><span class='ocrx_word' id='word_1_92' title='bbox 559 1587 655 1657; x_wconf 85' lang='lat' dir='ltr'>est</span> <span class='ocrx_word' id='word_1_93' title='bbox 693 1591 775 1659; x_wconf 83' lang='lat' dir='ltr'>ad</span> <span class='ocrx_word' id='word_1_94' title='bbox 810 1591 1233 1681; x_wconf 80' lang='lat' dir='ltr'>quadratum</span> <span class='ocrx_word' id='word_1_95' title='bbox 1266 1609 1357 1660; x_wconf 85' lang='lat' dir='ltr'>ex</span> <span class='ocrx_word' id='word_1_96' title='bbox 1384 1584 1564 1673; x_wconf 91' lang='lat' dir='ltr'>CM,</span> <span class='ocrx_word' id='word_1_97' title='bbox 1611 1586 1728 1677; x_wconf 91' lang='lat' dir='ltr'>(ut</span> <span class='ocrx_word' id='word_1_98' title='bbox 1757 1584 1889 1656; x_wconf 86' lang='grc' dir='ltr'>ΕΙ)</span> <span class='ocrx_word' id='word_1_99' title='bbox 1928 1584 2017 1655; x_wconf 94' lang='lat' dir='ltr'>ad</span> <span class='ocrx_word' id='word_1_100' title='bbox 2047 1582 2212 1675; x_wconf 92' lang='lat' dir='ltr'>DC,</span> <span class='ocrx_word' id='word_1_101' title='bbox 2241 1585 2374 1657; x_wconf 85' lang='lat' dir='ltr'>hoc</span> <span class='ocrx_word' id='word_1_102' title='bbox 2404 1585 2562 1674; x_wconf 89' lang='lat' dir='ltr'>est,)</span> <span class='ocrx_word' id='word_1_103' title='bbox 2616 1603 2699 1658; x_wconf 92' lang='lat' dir='ltr'>ut</span> <span class='ocrx_word' id='word_1_104' title='bbox 2751 1585 2892 1681; x_wconf 91' lang='lat' dir='ltr'>ipsa</span> <span class='ocrx_word' id='word_1_105' title='bbox 2939 1585 3064 1659; x_wconf 90' lang='lat' dir='ltr'>FE</span> <span class='ocrx_word' id='word_1_106' title='bbox 3088 1586 3178 1658; x_wconf 88' lang='lat' dir='ltr'>ad</span> 
     </span>
    </p>
   </div>
   <div class='ocr_carea' id='block_1_8' title="bbox 557 1696 3170 1911">
    <p class='ocr_par' dir='ltr' id='par_1_8' title="bbox 557 1696 3170 1911">
     <span class='ocr_line' id='line_1_11' title="bbox 561 1696 3170 1797; baseline 0.002 -28"><span class='ocrx_word' id='word_1_107' title='bbox 561 1699 677 1769; x_wconf 73' lang='grc' dir='ltr'>(ΞΡ</span> <span class='ocrx_word' id='word_1_108' title='bbox 707 1729 719 1771; x_wconf 91' lang='lat'>:</span> <span class='ocrx_word' id='word_1_109' title='bbox 790 1727 952 1797; x_wconf 80' lang='lat' dir='ltr'>ergo</span> <span class='ocrx_word' id='word_1_110' title='bbox 992 1700 1131 1791; x_wconf 83' lang='lat' dir='ltr'>F&#39;E,</span> <span class='ocrx_word' id='word_1_111' title='bbox 1164 1698 1345 1785; x_wconf 90' lang='lat' dir='ltr'>CM,</span> <span class='ocrx_word' id='word_1_112' title='bbox 1376 1700 1494 1775; x_wconf 91' lang='lat' dir='ltr'>CP</span> <span class='ocrx_word' id='word_1_113' title='bbox 1554 1696 1711 1770; x_wconf 90' lang='lat' dir='ltr'>sunt</span> <span class='ocrx_word' id='word_1_114' title='bbox 1739 1696 2288 1793; x_wconf 86' lang='lat' dir='ltr'>proportionales</span> <span class='ocrx_word' id='word_1_115' title='bbox 2324 1706 2478 1796; x_wconf 89' lang='lat' dir='ltr'>(per</span> <span class='ocrx_word' id='word_1_116' title='bbox 2518 1699 2822 1774; x_wconf 87' lang='lat' dir='ltr'>convers.</span> <span class='ocrx_word' id='word_1_117' title='bbox 2856 1697 3020 1775; x_wconf 92' lang='lat' dir='ltr'>Cor.</span> <span class='ocrx_word' id='word_1_118' title='bbox 3059 1723 3170 1776; x_wconf 86' lang='lat'>20.</span> 
     </span>
     <span class='ocr_line' id='line_1_12' title="bbox 557 1806 3162 1911; baseline 0 -29"><span class='ocrx_word' id='word_1_119' title='bbox 557 1809 658 1904; x_wconf 90' lang='lat'>6.)</span> <span class='ocrx_word' id='word_1_120' title='bbox 713 1834 882 1909; x_wconf 87' lang='lat' dir='ltr'>ergo</span> <span class='ocrx_word' id='word_1_121' title='bbox 914 1813 1075 1886; x_wconf 89' lang='lat' dir='ltr'>sunt</span> <span class='ocrx_word' id='word_1_122' title='bbox 1107 1809 1270 1902; x_wconf 91' lang='lat' dir='ltr'>CO,</span> <span class='ocrx_word' id='word_1_123' title='bbox 1301 1809 1488 1900; x_wconf 92' lang='lat' dir='ltr'>CM,</span> <span class='ocrx_word' id='word_1_124' title='bbox 1522 1808 1638 1878; x_wconf 88' lang='lat' dir='ltr'>CP</span> <span class='ocrx_word' id='word_1_125' title='bbox 1670 1806 2240 1903; x_wconf 78' lang='lat' dir='ltr'>proportionales,</span> <span class='ocrx_word' id='word_1_126' title='bbox 2855 1812 3044 1911; x_wconf 62' lang='lat' dir='ltr'>QE.</span> <span class='ocrx_word' id='word_1_127' title='bbox 3072 1814 3162 1885; x_wconf 90' lang='lat' dir='ltr'>D.</span> 
     </span>
    </p>
   </div>
   <div class='ocr_carea' id='block_1_9' title="bbox 1247 2011 2454 2125">
    <p class='ocr_par' dir='ltr' id='par_1_9' title="bbox 1247 2011 2454 2125">
     <span class='ocr_line' id='line_1_13' title="bbox 1247 2011 2454 2125; baseline 0.002 -29"><span class='ocrx_word' id='word_1_128' title='bbox 1247 2012 1633 2099; x_wconf 70' lang='lat' dir='ltr'>Corollaria</span> <span class='ocrx_word' id='word_1_129' title='bbox 1666 2011 1771 2096; x_wconf 85' lang='lat' dir='ltr'>ad</span> <span class='ocrx_word' id='word_1_130' title='bbox 1796 2014 1949 2093; x_wconf 84' lang='lat' dir='ltr'>duas</span> <span class='ocrx_word' id='word_1_131' title='bbox 1968 2013 2454 2125; x_wconf 84' lang='lat' dir='ltr'>praecedentes.</span> 
     </span>
    </p>
   </div>
   <div class='ocr_carea' id='block_1_10' title="bbox 551 2183 3501 2446">
    <p class='ocr_par' dir='ltr' id='par_1_10' title="bbox 551 2183 3501 2446">
     <span class='ocr_line' id='line_1_14' title="bbox 654 2183 3501 2343; baseline 0.002 -35"><span class='ocrx_word' id='word_1_132' title='bbox 654 2237 847 2311; x_wconf 74' lang='lat' dir='ltr'>Con.</span> <span class='ocrx_word' id='word_1_133' title='bbox 883 2235 936 2310; x_wconf 90' lang='lat'>1.</span> <span class='ocrx_word' id='word_1_134' title='bbox 1006 2233 1077 2306; x_wconf 94' lang='lat' dir='ltr'>Si</span> <span class='ocrx_word' id='word_1_135' title='bbox 1108 2252 1297 2306; x_wconf 89' lang='lat' dir='ltr'>recta</span> <span class='ocrx_word' id='word_1_136' title='bbox 1321 2183 1734 2332; x_wconf 78' lang='lat' dir='ltr'>contingens</span> <span class='ocrx_word' id='word_1_137' title='bbox 1766 2234 2080 2330; x_wconf 87' lang='lat' dir='ltr'>Ellipfim</span> <span class='ocrx_word' id='word_1_138' title='bbox 2111 2251 2232 2307; x_wconf 88' lang='lat' dir='ltr'>aut</span> <span class='ocrx_word' id='word_1_139' title='bbox 2261 2233 2811 2332; x_wconf 84' lang='lat' dir='ltr'>Hyperbolam</span> <span class='ocrx_word' id='word_1_140' title='bbox 2794 2261 2864 2311; x_wconf 87' lang='lat' dir='ltr'>m</span> <span class='ocrx_word' id='word_1_141' title='bbox 2897 2256 3160 2336; x_wconf 88' lang='lat' dir='ltr'>puncto</span> <span class='ocrx_word' id='word_1_142' title='bbox 3225 2264 3378 2325; x_wconf 77' lang='lat' dir='ltr'>Fre</span> <span class='ocrx_word' id='word_1_143' title='bbox 3408 2285 3501 2343; x_wconf 58' lang='grc' dir='ltr'>μ,</span> 
     </span>
     <span class='ocr_line' id='line_1_15' title="bbox 551 2336 3497 2446; baseline 0 -23"><span class='ocrx_word' id='word_1_144' title='bbox 551 2336 805 2446; x_wconf 82' lang='lat' dir='ltr'>quovis</span> <span class='ocrx_word' id='word_1_145' title='bbox 859 2345 943 2437; x_wconf 88' lang='lat' dir='ltr'>F,</span> <span class='ocrx_word' id='word_1_146' title='bbox 1001 2362 1320 2419; x_wconf 88' lang='lat' dir='ltr'>occurrat</span> <span class='ocrx_word' id='word_1_147' title='bbox 1349 2342 1498 2441; x_wconf 85' lang='lat' dir='ltr'>ejus</span> <span class='ocrx_word' id='word_1_148' title='bbox 1527 2346 1872 2422; x_wconf 89' lang='lat' dir='ltr'>diametro</span> <span class='ocrx_word' id='word_1_149' title='bbox 1906 2346 2029 2419; x_wconf 91' lang='lat' dir='ltr'>AB</span> <span class='ocrx_word' id='word_1_150' title='bbox 2063 2345 2304 2439; x_wconf 87' lang='lat' dir='ltr'>(quae</span> <span class='ocrx_word' id='word_1_151' title='bbox 2288 2370 2356 2418; x_wconf 87' lang='lat' dir='ltr'>m</span> <span class='ocrx_word' id='word_1_152' title='bbox 2396 2346 2802 2444; x_wconf 91' lang='lat' dir='ltr'>Hyperbola</span> <span class='ocrx_word' id='word_1_153' title='bbox 2838 2349 2919 2424; x_wconf 84' lang='lat' dir='ltr'>fit</span> <span class='ocrx_word' id='word_1_154' title='bbox 2955 2351 3164 2425; x_wconf 88' lang='lat' dir='ltr'>trans</span> <span class='ocrx_word' id='word_1_155' title='bbox 3401 2363 3497 2423; x_wconf 83' lang='lat'>42·</span> 
     </span>
    </p>
   </div>
   <div class='ocr_carea' id='block_1_11' title="bbox 554 2461 3163 2561">
    <p class='ocr_par' dir='ltr' id='par_1_11' title="bbox 554 2461 3163 2561">
     <span class='ocr_line' id='line_1_16' title="bbox 554 2461 3163 2561; baseline 0.002 -23"><span class='ocrx_word' id='word_1_156' title='bbox 554 2465 777 2561; x_wconf 83' lang='lat' dir='ltr'>versa)</span> <span class='ocrx_word' id='word_1_157' title='bbox 836 2465 910 2536; x_wconf 90' lang='lat' dir='ltr'>in</span> <span class='ocrx_word' id='word_1_158' title='bbox 961 2462 1064 2553; x_wconf 91' lang='lat' dir='ltr'>D,</span> <span class='ocrx_word' id='word_1_159' title='bbox 1117 2467 1196 2537; x_wconf 78' lang='grc' dir='ltr'>δε</span> <span class='ocrx_word' id='word_1_160' title='bbox 1250 2484 1294 2533; x_wconf 89' lang='lat' dir='ltr'>a</span> <span class='ocrx_word' id='word_1_161' title='bbox 1340 2479 1668 2535; x_wconf 86' lang='lat' dir='ltr'>contactu</span> <span class='ocrx_word' id='word_1_162' title='bbox 1711 2461 2011 2534; x_wconf 89' lang='lat' dir='ltr'>ducatur</span> <span class='ocrx_word' id='word_1_163' title='bbox 2058 2461 2379 2535; x_wconf 84' lang='lat' dir='ltr'>ordinata</span> <span class='ocrx_word' id='word_1_164' title='bbox 2426 2464 2545 2536; x_wconf 91' lang='lat' dir='ltr'>FE</span> <span class='ocrx_word' id='word_1_165' title='bbox 2583 2467 2674 2539; x_wconf 92' lang='lat' dir='ltr'>ad</span> <span class='ocrx_word' id='word_1_166' title='bbox 2710 2466 3163 2560; x_wconf 83' lang='lat' dir='ltr'>diametrum,</span> 
     </span>
    </p>
   </div>
   <div class='ocr_carea' id='block_1_12' title="bbox 552 2573 3167 2788">
    <p class='ocr_par' dir='ltr' id='par_1_12' title="bbox 552 2573 3167 2788">
     <span class='ocr_line' id='line_1_17' title="bbox 552 2573 3167 2676; baseline 0.003 -26"><span class='ocrx_word' id='word_1_167' title='bbox 552 2579 685 2653; x_wconf 90' lang='lat' dir='ltr'>erit</span> <span class='ocrx_word' id='word_1_168' title='bbox 732 2578 1220 2676; x_wconf 77' lang='lat' dir='ltr'>rectangulum</span> <span class='ocrx_word' id='word_1_169' title='bbox 1249 2573 1456 2650; x_wconf 90' lang='lat' dir='ltr'>CED</span> <span class='ocrx_word' id='word_1_170' title='bbox 1496 2594 1913 2651; x_wconf 89' lang='lat' dir='ltr'>contentum</span> <span class='ocrx_word' id='word_1_171' title='bbox 1943 2576 2316 2672; x_wconf 84' lang='lat' dir='ltr'>segmentis</span> <span class='ocrx_word' id='word_1_172' title='bbox 2351 2579 2701 2672; x_wconf 82' lang='lat' dir='ltr'>diametri,</span> <span class='ocrx_word' id='word_1_173' title='bbox 2750 2582 2932 2657; x_wconf 84' lang='lat' dir='ltr'>inter</span> <span class='ocrx_word' id='word_1_174' title='bbox 2984 2584 3167 2658; x_wconf 86' lang='lat' dir='ltr'>ordi-</span> 
     </span>
     <span class='ocr_line' id='line_1_18' title="bbox 552 2689 3166 2788; baseline 0.002 -25"><span class='ocrx_word' id='word_1_175' title='bbox 552 2710 793 2765; x_wconf 88' lang='lat' dir='ltr'>natam</span> <span class='ocrx_word' id='word_1_176' title='bbox 824 2690 901 2769; x_wconf 87' lang='lat'>&amp;</span> <span class='ocrx_word' id='word_1_177' title='bbox 930 2709 1280 2781; x_wconf 67' lang='lat' dir='ltr'>ceum,</span> <span class='ocrx_word' id='word_1_178' title='bbox 1307 2695 1382 2765; x_wconf 82' lang='lat'>&amp;</span> <span class='ocrx_word' id='word_1_179' title='bbox 1418 2689 1599 2765; x_wconf 88' lang='lat' dir='ltr'>inter</span> <span class='ocrx_word' id='word_1_180' title='bbox 1627 2690 1931 2765; x_wconf 85' lang='lat' dir='ltr'>eandem</span> <span class='ocrx_word' id='word_1_181' title='bbox 1962 2693 2038 2765; x_wconf 82' lang='lat'>&amp;</span> <span class='ocrx_word' id='word_1_182' title='bbox 2067 2692 2630 2787; x_wconf 81' lang='lat' dir='ltr'>contingentem,</span> <span class='ocrx_word' id='word_1_183' title='bbox 2688 2696 2960 2788; x_wconf 78' lang='lat' dir='ltr'>aequale</span> <span class='ocrx_word' id='word_1_184' title='bbox 3021 2719 3166 2769; x_wconf 84' lang='lat' dir='ltr'>rec-</span> 
     </span>
    </p>
   </div>
   <div class='ocr_carea' id='block_1_13' title="bbox 424 2801 3163 2903">
    <p class='ocr_par' dir='ltr' id='par_1_13' title="bbox 424 2801 3163 2903">
     <span class='ocr_line' id='line_1_19' title="bbox 424 2801 3163 2903; baseline 0.001 -26"><span class='ocrx_word' id='word_1_185' title='bbox 424 2818 439 2823; x_wconf 47' lang='lat'><em>*</em></span> <span class='ocrx_word' id='word_1_186' title='bbox 556 2804 847 2903; x_wconf 84' lang='lat' dir='ltr'>tangulo</span> <span class='ocrx_word' id='word_1_187' title='bbox 897 2802 1082 2879; x_wconf 89' lang='grc' dir='ltr'>ΑΕΒ</span> <span class='ocrx_word' id='word_1_188' title='bbox 1138 2821 1471 2879; x_wconf 88' lang='lat' dir='ltr'>contento</span> <span class='ocrx_word' id='word_1_189' title='bbox 1539 2801 1914 2901; x_wconf 87' lang='lat' dir='ltr'>segmentis</span> <span class='ocrx_word' id='word_1_190' title='bbox 1953 2802 2137 2876; x_wconf 89' lang='lat' dir='ltr'>inter</span> <span class='ocrx_word' id='word_1_191' title='bbox 2164 2804 2558 2877; x_wconf 83' lang='lat' dir='ltr'>ordinatam</span> <span class='ocrx_word' id='word_1_192' title='bbox 2590 2802 2667 2877; x_wconf 88' lang='lat'>&amp;</span> <span class='ocrx_word' id='word_1_193' title='bbox 2695 2807 2989 2879; x_wconf 87' lang='lat' dir='ltr'>vertices</span> <span class='ocrx_word' id='word_1_194' title='bbox 3016 2808 3163 2881; x_wconf 84' lang='lat' dir='ltr'>dia-</span> 
     </span>
    </p>
   </div>
   <div class='ocr_carea' id='block_1_14' title="bbox 547 2914 3281 3347">
    <p class='ocr_par' dir='ltr' id='par_1_14' title="bbox 547 2914 3281 3347">
     <span class='ocr_line' id='line_1_20' title="bbox 549 2914 3166 3016; baseline 0 -26"><span class='ocrx_word' id='word_1_195' title='bbox 549 2918 777 2994; x_wconf 88' lang='lat' dir='ltr'>metri.</span> <span class='ocrx_word' id='word_1_196' title='bbox 881 2917 1077 2990; x_wconf 88' lang='lat' dir='ltr'>Nam</span> <span class='ocrx_word' id='word_1_197' title='bbox 1123 2915 1488 3013; x_wconf 88' lang='lat' dir='ltr'>quoniam,</span> <span class='ocrx_word' id='word_1_198' title='bbox 1557 2917 1715 3010; x_wconf 88' lang='lat' dir='ltr'>(per</span> <span class='ocrx_word' id='word_1_199' title='bbox 1745 2914 2216 3011; x_wconf 86' lang='lat' dir='ltr'>praecedentes</span> <span class='ocrx_word' id='word_1_200' title='bbox 2247 2921 2320 2989; x_wconf 77' lang='grc' dir='ltr'>ὅτ</span> <span class='ocrx_word' id='word_1_201' title='bbox 2364 2938 2469 3012; x_wconf 92' lang='lat'>17.</span> <span class='ocrx_word' id='word_1_202' title='bbox 2506 2916 2603 3004; x_wconf 92' lang='lat'>6.)</span> <span class='ocrx_word' id='word_1_203' title='bbox 2649 2915 2748 2991; x_wconf 87' lang='lat' dir='ltr'>est</span> <span class='ocrx_word' id='word_1_204' title='bbox 2799 2935 3166 3016; x_wconf 87' lang='lat' dir='ltr'>rectangu-</span> 
     </span>
     <span class='ocr_line' id='line_1_21' title="bbox 547 3024 3163 3124; baseline 0.002 -26"><span class='ocrx_word' id='word_1_205' title='bbox 547 3028 700 3101; x_wconf 85' lang='lat' dir='ltr'>lum</span> <span class='ocrx_word' id='word_1_206' title='bbox 727 3030 927 3106; x_wconf 90' lang='lat' dir='ltr'>ECD</span> <span class='ocrx_word' id='word_1_207' title='bbox 960 3029 1226 3119; x_wconf 86' lang='lat' dir='ltr'>aequale</span> <span class='ocrx_word' id='word_1_208' title='bbox 1261 3028 1605 3117; x_wconf 90' lang='lat' dir='ltr'>quadrato</span> <span class='ocrx_word' id='word_1_209' title='bbox 1635 3051 1724 3095; x_wconf 84' lang='lat' dir='ltr'>ex</span> <span class='ocrx_word' id='word_1_210' title='bbox 1756 3027 1922 3107; x_wconf 90' lang='lat' dir='ltr'>CB·</span> <span class='ocrx_word' id='word_1_211' title='bbox 1975 3024 2023 3094; x_wconf 88' lang='lat' dir='ltr'>s1</span> <span class='ocrx_word' id='word_1_212' title='bbox 2081 3027 2154 3095; x_wconf 91' lang='lat' dir='ltr'>in</span> <span class='ocrx_word' id='word_1_213' title='bbox 2191 3025 2425 3121; x_wconf 84' lang='lat' dir='ltr'>Ellipfi</span> <span class='ocrx_word' id='word_1_214' title='bbox 2477 3028 2808 3124; x_wconf 86' lang='lat' dir='ltr'>utrinque</span> <span class='ocrx_word' id='word_1_215' title='bbox 2844 3028 3163 3104; x_wconf 88' lang='lat' dir='ltr'>auferaur</span> 
     </span>
     <span class='ocr_line' id='line_1_22' title="bbox 550 3132 3281 3247; baseline 0.001 -34"><span class='ocrx_word' id='word_1_216' title='bbox 550 3142 996 3236; x_wconf 82' lang='lat' dir='ltr'>quadratum</span> <span class='ocrx_word' id='word_1_217' title='bbox 1030 3159 1119 3207; x_wconf 82' lang='lat' dir='ltr'>ex</span> <span class='ocrx_word' id='word_1_218' title='bbox 1145 3132 1302 3223; x_wconf 89' lang='lat' dir='ltr'>CE,</span> <span class='ocrx_word' id='word_1_219' title='bbox 1346 3135 1489 3206; x_wconf 91' lang='lat' dir='ltr'>erit</span> <span class='ocrx_word' id='word_1_220' title='bbox 1545 3134 1897 3227; x_wconf 78' lang='lat' dir='ltr'>reliquum</span> <span class='ocrx_word' id='word_1_221' title='bbox 1923 3134 2077 3208; x_wconf 87' lang='lat' dir='ltr'>seiz.</span> <span class='ocrx_word' id='word_1_222' title='bbox 2133 3139 2620 3234; x_wconf 79' lang='lat' dir='ltr'>rectangulum</span> <span class='ocrx_word' id='word_1_223' title='bbox 2654 3140 2868 3219; x_wconf 87' lang='lat' dir='ltr'>CED</span> <span class='ocrx_word' id='word_1_224' title='bbox 2886 3145 3158 3247; x_wconf 74' lang='lat' dir='ltr'>aequaie</span> <span class='ocrx_word' id='word_1_225' title='bbox 3276 3209 3281 3217; x_wconf 91' lang='grc'><em>,</em></span> 
     </span>
     <span class='ocr_line' id='line_1_23' title="bbox 551 3240 3163 3347; baseline 0.001 -24"><span class='ocrx_word' id='word_1_226' title='bbox 551 3250 825 3344; x_wconf 80' lang='lat' dir='ltr'>reliquo</span> <span class='ocrx_word' id='word_1_227' title='bbox 862 3245 1278 3345; x_wconf 82' lang='lat' dir='ltr'>rectangulo</span> <span class='ocrx_word' id='word_1_228' title='bbox 1300 3240 1489 3320; x_wconf 79' lang='grc' dir='ltr'>ΑΕΒ</span> <span class='ocrx_word' id='word_1_229' title='bbox 1522 3246 1681 3341; x_wconf 78' lang='lat' dir='ltr'>(per</span> <span class='ocrx_word' id='word_1_230' title='bbox 1733 3267 1798 3338; x_wconf 82' lang='lat'>3.</span> <span class='ocrx_word' id='word_1_231' title='bbox 1834 3250 1911 3319; x_wconf 79' lang='grc' dir='ltr'>ὅτ</span> <span class='ocrx_word' id='word_1_232' title='bbox 1947 3267 2013 3340; x_wconf 83' lang='lat'>5.</span> <span class='ocrx_word' id='word_1_233' title='bbox 2051 3245 2154 3338; x_wconf 87' lang='lat'>2.)</span> <span class='ocrx_word' id='word_1_234' title='bbox 2203 3242 2328 3321; x_wconf 76' lang='grc' dir='ltr'>δι</span> <span class='ocrx_word' id='word_1_235' title='bbox 2307 3270 2379 3321; x_wconf 81' lang='lat' dir='ltr'>m</span> <span class='ocrx_word' id='word_1_236' title='bbox 2407 3249 2819 3344; x_wconf 70' lang='lat' dir='ltr'>Hyperbola</span> <span class='ocrx_word' id='word_1_237' title='bbox 2855 3252 3163 3347; x_wconf 72' lang='lat' dir='ltr'>demPtis</span> 
     </span>
    </p>
   </div>
   <div class='ocr_carea' id='block_1_15' title="bbox 550 3360 3167 3575">
    <p class='ocr_par' dir='ltr' id='par_1_15' title="bbox 550 3360 3167 3575">
     <span class='ocr_line' id='line_1_24' title="bbox 550 3360 3161 3459; baseline -0 -21"><span class='ocrx_word' id='word_1_238' title='bbox 550 3365 732 3440; x_wconf 88' lang='lat' dir='ltr'>hisce</span> <span class='ocrx_word' id='word_1_239' title='bbox 770 3363 1161 3459; x_wconf 69' lang='lat' dir='ltr'>atqualibus</span> <span class='ocrx_word' id='word_1_240' title='bbox 1212 3360 1366 3435; x_wconf 73' lang='lat' dir='ltr'>sciz.</span> <span class='ocrx_word' id='word_1_241' title='bbox 1430 3360 1834 3458; x_wconf 80' lang='lat' dir='ltr'>rectangulo</span> <span class='ocrx_word' id='word_1_242' title='bbox 1863 3360 2089 3436; x_wconf 86' lang='lat' dir='ltr'>ECD</span> <span class='ocrx_word' id='word_1_243' title='bbox 2100 3365 2176 3435; x_wconf 75' lang='grc' dir='ltr'>δε</span> <span class='ocrx_word' id='word_1_244' title='bbox 2205 3363 2546 3456; x_wconf 79' lang='lat' dir='ltr'>quadrato</span> <span class='ocrx_word' id='word_1_245' title='bbox 2573 3387 2662 3441; x_wconf 77' lang='lat' dir='ltr'>ex</span> <span class='ocrx_word' id='word_1_246' title='bbox 2693 3361 2844 3452; x_wconf 80' lang='lat' dir='ltr'>BC.</span> <span class='ocrx_word' id='word_1_247' title='bbox 2903 3381 2951 3435; x_wconf 77' lang='lat' dir='ltr'>a&#39;</span> <span class='ocrx_word' id='word_1_248' title='bbox 2987 3388 3161 3458; x_wconf 72' lang='lat' dir='ltr'>qua-</span> 
     </span>
     <span class='ocr_line' id='line_1_25' title="bbox 551 3472 3167 3575; baseline -0.001 -24"><span class='ocrx_word' id='word_1_249' title='bbox 551 3478 755 3552; x_wconf 90' lang='lat' dir='ltr'>drato</span> <span class='ocrx_word' id='word_1_250' title='bbox 779 3503 869 3553; x_wconf 83' lang='lat' dir='ltr'>ex</span> <span class='ocrx_word' id='word_1_251' title='bbox 905 3474 1057 3565; x_wconf 86' lang='lat' dir='ltr'>EC,</span> <span class='ocrx_word' id='word_1_252' title='bbox 1109 3475 1242 3549; x_wconf 87' lang='lat' dir='ltr'>erit</span> <span class='ocrx_word' id='word_1_253' title='bbox 1276 3472 1627 3570; x_wconf 86' lang='lat' dir='ltr'>reliquum</span> <span class='ocrx_word' id='word_1_254' title='bbox 1658 3477 2151 3575; x_wconf 86' lang='lat' dir='ltr'>rectangulum</span> <span class='ocrx_word' id='word_1_255' title='bbox 2183 3476 2384 3552; x_wconf 90' lang='lat' dir='ltr'>CED</span> <span class='ocrx_word' id='word_1_256' title='bbox 2415 3477 2688 3572; x_wconf 69' lang='lat' dir='ltr'>aequale</span> <span class='ocrx_word' id='word_1_257' title='bbox 2718 3478 2991 3573; x_wconf 86' lang='lat' dir='ltr'>reliquo</span> <span class='ocrx_word' id='word_1_258' title='bbox 3021 3501 3167 3553; x_wconf 89' lang='lat' dir='ltr'>rec-</span> 
     </span>
    </p>
   </div>
   <div class='ocr_carea' id='block_1_16' title="bbox 550 3586 1687 3688">
    <p class='ocr_par' dir='ltr' id='par_1_16' title="bbox 550 3586 1687 3688">
     <span class='ocr_line' id='line_1_26' title="bbox 550 3586 1687 3688; baseline 0.003 -24"><span class='ocrx_word' id='word_1_259' title='bbox 550 3593 861 3688; x_wconf 83' lang='lat' dir='ltr'>tangulo</span> <span class='ocrx_word' id='word_1_260' title='bbox 872 3588 1086 3682; x_wconf 71' lang='lat' dir='ltr'>AER,</span> <span class='ocrx_word' id='word_1_261' title='bbox 1150 3612 1274 3687; x_wconf 83' lang='lat' dir='ltr'>per</span> <span class='ocrx_word' id='word_1_262' title='bbox 1309 3611 1374 3662; x_wconf 93' lang='lat'>2.</span> <span class='ocrx_word' id='word_1_263' title='bbox 1407 3586 1483 3662; x_wconf 76' lang='grc' dir='ltr'>δι</span> <span class='ocrx_word' id='word_1_264' title='bbox 1514 3589 1578 3664; x_wconf 93' lang='grc'>6.</span> <span class='ocrx_word' id='word_1_265' title='bbox 1623 3612 1687 3667; x_wconf 91' lang='grc'>2.</span> 
     </span>
    </p>
   </div>
   <div class='ocr_carea' id='block_1_17' title="bbox 542 3718 3485 4044">
    <p class='ocr_par' dir='ltr' id='par_1_17' title="bbox 542 3718 3485 4044">
     <span class='ocr_line' id='line_1_27' title="bbox 645 3718 3485 3851; baseline 0 -62"><span class='ocrx_word' id='word_1_266' title='bbox 645 3718 974 3795; x_wconf 74' lang='lat' dir='ltr'>Con.11.</span> <span class='ocrx_word' id='word_1_267' title='bbox 1037 3719 1430 3794; x_wconf 87' lang='lat' dir='ltr'>Occurrant</span> <span class='ocrx_word' id='word_1_268' title='bbox 1471 3718 1631 3816; x_wconf 90' lang='lat' dir='ltr'>jam</span> <span class='ocrx_word' id='word_1_269' title='bbox 1683 3719 2098 3851; x_wconf 80' lang='lat' dir='ltr'>contingens</span> <span class='ocrx_word' id='word_1_270' title='bbox 2160 3724 2235 3796; x_wconf 76' lang='grc' dir='ltr'>δε</span> <span class='ocrx_word' id='word_1_271' title='bbox 2293 3722 2611 3795; x_wconf 89' lang='lat' dir='ltr'>ordinata</span> <span class='ocrx_word' id='word_1_272' title='bbox 2674 3744 2716 3791; x_wconf 93' lang='lat' dir='ltr'>a</span> <span class='ocrx_word' id='word_1_273' title='bbox 2774 3734 3039 3814; x_wconf 87' lang='lat' dir='ltr'>puncto</span> <span class='ocrx_word' id='word_1_274' title='bbox 3100 3718 3159 3790; x_wconf 94' lang='lat' dir='ltr'>F</span> <span class='ocrx_word' id='word_1_275' title='bbox 3221 3718 3485 3797; x_wconf 73' lang='lat' dir='ltr'>F1‘2·2·4</span> 
     </span>
     <span class='ocr_line' id='line_1_28' title="bbox 542 3820 3156 3931; baseline -0.002 -22"><span class='ocrx_word' id='word_1_276' title='bbox 542 3835 800 3925; x_wconf 67' lang='lat' dir='ltr'>ductae,</span> <span class='ocrx_word' id='word_1_277' title='bbox 854 3820 1197 3911; x_wconf 75' lang='lat' dir='ltr'>diametro</span> <span class='ocrx_word' id='word_1_278' title='bbox 1234 3837 1549 3910; x_wconf 84' lang='lat' dir='ltr'>secundae</span> <span class='ocrx_word' id='word_1_279' title='bbox 1582 3831 1736 3911; x_wconf 87' lang='lat' dir='ltr'>CM</span> <span class='ocrx_word' id='word_1_280' title='bbox 1789 3835 1862 3910; x_wconf 80' lang='lat' dir='ltr'>in</span> <span class='ocrx_word' id='word_1_281' title='bbox 1913 3838 1970 3911; x_wconf 89' lang='lat' dir='ltr'>P</span> <span class='ocrx_word' id='word_1_282' title='bbox 2026 3842 2102 3911; x_wconf 77' lang='grc' dir='ltr'>ὅτ</span> <span class='ocrx_word' id='word_1_283' title='bbox 2146 3838 2238 3927; x_wconf 89' lang='lat' dir='ltr'>O,</span> <span class='ocrx_word' id='word_1_284' title='bbox 2299 3841 2374 3911; x_wconf 77' lang='grc' dir='ltr'>ὃτ.</span> <span class='ocrx_word' id='word_1_285' title='bbox 2406 3836 2749 3931; x_wconf 83' lang='lat' dir='ltr'>quoniam</span> <span class='ocrx_word' id='word_1_286' title='bbox 2795 3854 3156 3930; x_wconf 82' lang='lat' dir='ltr'>rectangu-</span> 
     </span>
     <span class='ocr_line' id='line_1_29' title="bbox 542 3939 3148 4044; baseline -0.003 -21"><span class='ocrx_word' id='word_1_287' title='bbox 542 3940 696 4023; x_wconf 86' lang='lat' dir='ltr'>lum</span> <span class='ocrx_word' id='word_1_288' title='bbox 726 3939 923 4028; x_wconf 77' lang='lat' dir='ltr'>POO</span> <span class='ocrx_word' id='word_1_289' title='bbox 966 3951 1234 4044; x_wconf 80' lang='lat' dir='ltr'>aequale</span> <span class='ocrx_word' id='word_1_290' title='bbox 1279 3952 1375 4023; x_wconf 86' lang='lat' dir='ltr'>est</span> <span class='ocrx_word' id='word_1_291' title='bbox 1419 3952 1759 4044; x_wconf 81' lang='lat' dir='ltr'>quadrato</span> <span class='ocrx_word' id='word_1_292' title='bbox 1802 3974 1889 4026; x_wconf 80' lang='lat' dir='ltr'>ex</span> <span class='ocrx_word' id='word_1_293' title='bbox 1922 3949 2125 4041; x_wconf 78' lang='lat' dir='ltr'>CM,</span> <span class='ocrx_word' id='word_1_294' title='bbox 2163 3951 2458 4025; x_wconf 86' lang='lat' dir='ltr'>addatur</span> <span class='ocrx_word' id='word_1_295' title='bbox 2486 3950 2819 4043; x_wconf 81' lang='lat' dir='ltr'>utrinque</span> <span class='ocrx_word' id='word_1_296' title='bbox 2849 3948 3148 4044; x_wconf 80' lang='lat' dir='ltr'>quadra-</span> 
     </span>
    </p>
   </div>
   <div class='ocr_carea' id='block_1_18' title="bbox 528 4062 3146 4273">
    <p class='ocr_par' dir='ltr' id='par_1_18' title="bbox 528 4062 3146 4255">
     <span class='ocr_line' id='line_1_30' title="bbox 528 4062 3146 4171; baseline -0.003 -32.941"><span class='ocrx_word' id='word_1_297' title='bbox 528 4079 703 4155; x_wconf 83' lang='lat' dir='ltr'>tum</span> <span class='ocrx_word' id='word_1_298' title='bbox 747 4090 838 4139; x_wconf 88' lang='lat' dir='ltr'>ex</span> <span class='ocrx_word' id='word_1_299' title='bbox 877 4064 1037 4156; x_wconf 92' lang='lat' dir='ltr'>CO,</span> <span class='ocrx_word' id='word_1_300' title='bbox 1103 4069 1176 4137; x_wconf 76' lang='grc' dir='ltr'>δε</span> <span class='ocrx_word' id='word_1_301' title='bbox 1230 4066 1362 4139; x_wconf 90' lang='lat' dir='ltr'>erit</span> <span class='ocrx_word' id='word_1_302' title='bbox 1415 4064 1517 4170; x_wconf 82' lang='lat'>(3.</span> <span class='ocrx_word' id='word_1_303' title='bbox 1549 4071 1659 4171; x_wconf 78' lang='grc'>5.)</span> <span class='ocrx_word' id='word_1_304' title='bbox 1706 4066 2194 4162; x_wconf 87' lang='lat' dir='ltr'>rectangulum</span> <span class='ocrx_word' id='word_1_305' title='bbox 2237 4064 2433 4141; x_wconf 86' lang='lat' dir='ltr'>POC</span> <span class='ocrx_word' id='word_1_306' title='bbox 2485 4064 2758 4159; x_wconf 84' lang='lat' dir='ltr'>aequale</span> <span class='ocrx_word' id='word_1_307' title='bbox 2795 4062 3146 4157; x_wconf 84' lang='lat' dir='ltr'>quadratis</span> 
     </span>
     <span class='ocr_line' id='line_1_31' title="bbox 548 4172 1277 4273; baseline -0.001 -23"><span class='ocrx_word' id='word_1_308' title='bbox 548 4193 635 4252; x_wconf 80' lang='lat' dir='ltr'>ex</span> <span class='ocrx_word' id='word_1_309' title='bbox 672 4178 859 4273; x_wconf 90' lang='lat' dir='ltr'>CM,</span> <span class='ocrx_word' id='word_1_310' title='bbox 889 4179 1023 4255; x_wconf 90' lang='lat' dir='ltr'>CO</span> <span class='ocrx_word' id='word_1_311' title='bbox 1049 4172 1277 4250; x_wconf 72' lang='lat' dir='ltr'>simul.</span> 
     </span>
    </p>
   </div>
   <div class='ocr_carea' id='block_1_19' title="bbox 1707 4377 3137 4462">
    <p class='ocr_par' dir='ltr' id='par_1_19' title="bbox 1707 4377 3137 4462">
     <span class='ocr_line' id='line_1_32' title="bbox 1707 4377 3137 4462; baseline -0.003 -3"><span class='ocrx_word' id='word_1_312' title='bbox 1707 4386 1741 4459; x_wconf 89' lang='grc' dir='ltr'>Ι</span> <span class='ocrx_word' id='word_1_313' title='bbox 1776 4410 1817 4462; x_wconf 89' lang='grc'><strong>2</strong></span> <span class='ocrx_word' id='word_1_314' title='bbox 2004 4408 2011 4416; x_wconf 90' lang='grc'>·</span> <span class='ocrx_word' id='word_1_315' title='bbox 2939 4377 3137 4455; x_wconf 75' lang='lat' dir='ltr'>Con.</span> 
     </span>
    </p>
   </div>
  </div>
 </body>
</html>
