4196 5352
886 355 1151 485 De
1230 367 1353 485 E
1354 362 1629 533 lltpfi
1701 357 1863 506 &³
1948 353 2610 535 Izfifperbolass
2839 371 2982 526 '15
3009 397 3078 519 7

485 580 557 638 et
599 564 758 656 CR)
804 581 876 639 et
907 564 1202 663 proinde
1258 566 1465 638 datur
1520 566 1693 638 ratio
1747 566 2070 639 diametri
2123 567 2274 637 Mm
2321 568 2410 641 ad
2460 567 2595 639 LN
2635 564 2756 661 ipsi
2812 565 2932 638 AB
2981 590 3094 639 or·

483 680 782 755 dinatim
835 682 1308 777 applicatam;
1374 683 1579 755 datur
1631 682 1840 779 igitur
1905 682 2082 755 ratio
2143 706 2304 776 quae
2362 709 2452 757 ex
2515 682 2695 755 hisce
2758 682 2937 753 datis
2987 705 3095 753 ra·

480 795 790 869 tionibus
833 797 959 868 AB
1014 797 1102 869 ad
1132 797 1262 869 KL
1295 801 1369 871 8τ
1399 796 1552 868 Mm
1585 797 1673 869 ad
1719 793 1856 870 LN
1886 798 2385 894 componitur:
2448 822 2618 894 ergo
2676 797 2853 868 ratio
2916 798 3098 868 inter

483 907 1140 1009 parallelogramma
1159 908 1598 1007 aequiangula
1628 910 1871 985 datur.
1900 911 2013 982 sed
2046 910 2787 1008 parallelogrammum
2820 906 3097 981 AMBm

483 1024 973 1121 magnitudine
1051 1025 1257 1097 datur
1320 1033 1417 1116 (1.
1479 1021 1654 1120 huj.)
1753 1048 1923 1122 ergo
2001 1024 2760 1124 parallelogrammum
2821 1021 3097 1099 KLNO

484 1138 582 1210 est
611 1139 878 1234 semper
928 1135 1234 1234 ejusdem
1255 1136 1784 1236 magnitudinis.
1889 1139 1980 1238 Q
2007 1137 2086 1213 E
2114 1137 2204 1213 D.

1441 1378 1871 1465 PROP.
1992 1378 2181 1460 XII.

490 1564 565 1647 Si
630 1565 861 1648 latera
922 1565 1615 1677 parallelogrammi
1679 1568 1988 1650 EFGH
2048 1567 2496 1677 contingant
2546 1567 2898 1679 Ellipfim
2961 1584 3093 1649 aut
3160 1566 3233 1629 ΡΙ
3242 1584 3299 1627 0
3337 1567 3433 1644 ¹33

591 1696 963 1807 producta
1015 1698 1461 1807 contingant
1514 1697 2001 1809 Hyperbolas
2036 1696 2411 1807 oppofitas
2461 1693 2831 1808 politione
2887 1697 3093 1779 datas
3345 1664 3444 1727 ‘⁸4

594 1829 676 1904 ὅτ,
713 1826 768 1903 fi
806 1824 1169 1904 diameter
1195 1824 1536 1907 sectionis
1570 1827 1739 1919 AB,
1781 1853 1951 1933 quae
1991 1823 2083 1932 (fi
2120 1851 2311 1932 opus
2335 1823 2740 1936 producta)
2777 1823 3097 1905 transeat
3237 1913 3242 1920 ‚

594 1976 732 2059 per
770 1947 1087 2058 angulos
1135 1949 1513 2059 oppositos
1573 1952 1642 2030 E
1723 1948 1803 2029 &c
1860 1950 1983 2046 G„
2025 1948 2283 2030 datam
2367 1947 2646 2030 habeat
2724 1950 3097 2029 rationem

596 2075 692 2157 ad
733 2075 1217 2184 segmentum
1249 2075 1402 2156 EG
1440 2074 1634 2155 inter
1673 2074 1848 2156 istos
1884 2076 2204 2186 angulos
2243 2112 2267 2169 3
2307 2076 2446 2155 erit
2474 2074 3096 2187 parallelogram-

597 2228 826 2280 mum
874 2202 1182 2282 EFGH
1209 2201 1507 2312 semper
1536 2200 1873 2311 ejusdem
1909 2198 2482 2314 magnitudinis,

480 2402 817 2554 SINT
871 2424 1137 2506 puncta
1183 2428 1549 2483 contactus
1601 2409 1693 2495 K,
1726 2410 1812 2495 L,
1844 2408 1948 2494 N,
1980 2410 2073 2494 Ο,
2109 2414 2186 2482 ὅτ
2241 2426 2445 2526 reetae
2497 2404 2676 2527 K·N‚
2735 2399 2897 2489 LO,
2931 2399 3105 2502 jun-

626 2536 874 2616 gentes
914 2516 1225 2614 oppofita
1256 2536 1518 2614 puncta
1570 2530 1960 2603 contactus,
2012 2529 2222 2586 erunt
2267 2513 2592 2587 diametn
2652 2510 2847 2605 (Cor.
2884 2535 2945 2588 2.
2986 2534 3103 2588 22.

472 2631 594 2712 lib.
635 2637 731 2732 1.)
788 2638 865 2711 ὅτ
909 2650 1210 2729 quatuor
1265 2650 1467 2707 rectae
1499 2629 1650 2704 haec
1703 2645 1966 2726 puncta
2003 2624 2395 2724 jungentes
2441 2624 2819 2701 conficient
2873 2625 3096 2722 paral-

472 2745 1028 2843 lelogrammum
1056 2745 1383 2832 KLNO;
1434 2745 1733 2817 ducatur
1761 2743 2107 2814 diameter
2149 2737 2272 2813 AB
2311 2736 2634 2812 bifariam
2689 2739 2924 2811 secans
2976 2759 3100 2833 pa-

470 2858 743 2934 rallelas
772 2860 933 2951 LN,
955 2860 1094 2934 KO
1121 2860 1194 2933 in
1224 2859 1293 2933 R
1339 2863 1415 2934 ὅτ
1451 2860 1523 2951 S,
1555 2854 1871 2933 transibit
1899 2855 2043 2924 haec
2092 2874 2219 2948 per
2247 2851 2542 2948 angulos
2576 2852 2637 2925 E
2674 2870 2746 2926 et
2786 2852 2865 2926 G
2896 2851 3096 2946 (Cor.

480 2995 544 3048 1.
581 2975 703 3051 26.
736 2973 862 3044 lib.
902 2974 996 3055 1.)
1053 2970 1367 3040 similiter
1414 2973 1760 3041 diameter
1808 2967 1964 3038 Mm
2000 2965 2324 3039 bifariam
2365 2965 2606 3041 ,secans
2662 2985 2884 3041 rectas
2933 2966 3094 3059 KL,

470 3086 620 3160 ΟΝ
663 3078 982 3156 tranfibit
1042 3099 1168 3172 per
1222 3077 1524 3171 reliquos
1556 3077 1851 3174 angulos
1897 3076 1958 3149 F
2007 3082 2082 3151 ὅτ
2107 3076 2190 3149 Η
2227 3073 2305 3151 &
2345 3080 2477 3153 erit
2520 3078 2639 3177 ipss
2694 3081 2817 3153 AB
2850 3080 3088 3174 conju-

469 3216 658 3298 gata.
759 3191 1123 3288 Qoniam
1157 3189 1394 3286 igitur,
1445 3212 1570 3287 per
1605 3188 2042 3286 hypothesin,
2062 3192 2272 3266 datur
2325 3194 2502 3267 ratio
2553 3193 2760 3292 ipfius
2817 3197 2938 3269 CB
2991 3197 3083 3269 ad

472 3312 643 3403 CG,
691 3308 898 3383 datur
940 3304 1017 3379 &
1052 3303 1227 3377 ratio
1278 3301 1486 3400 ipfius
1533 3300 1654 3376 CB
1698 3303 1789 3376 ad
1838 3303 1995 3393 CR,
2056 3324 2129 3377 et
2153 3329 2323 3402 ergo
2372 3325 2454 3381 ut
2513 3307 2582 3381 in
2645 3309 3082 3405 praecedente

468 3430 685 3503 datur
739 3425 914 3499 ratio
954 3421 1448 3497 semidiametri
1501 3421 1657 3495 CM
1705 3424 1794 3496 ad
1831 3423 2236 3498 *ordinatam
2280 3425 2415 3499 LR
2453 3426 2568 3500 vel
2619 3428 2708 3500 ad
2766 3426 2906 3505 CT
2956 3424 3085 3523 ipfi

469 3545 612 3620 LR
654 3540 1044 3636 aequalem;
1104 3536 1312 3609 datur
1345 3538 1557 3635 igitur
1608 3536 1784 3612 ratio
1839 3534 2000 3611 CM
2042 3539 2132 3612 ad
2165 3537 2319 3633 CF,
2368 3558 2439 3614 et
2484 3542 2693 3638 igitur
2721 3539 2772 3615 fi
2819 3545 3085 3619 ducan-

465 3680 594 3735 tur
643 3656 817 3743 MP,
873 3655 1059 3745 120„
1072 3653 1680 3754 perpendiculares
1732 3653 1823 3725 ad
1881 3655 2311 3729 diametrum
2367 3653 2520 3746 AB,
2564 3659 2846 3734 dabitur
2905 3662 3083 3736 ratio

463 3768 688 3869 ipsius
716 3767 861 3840 MP
899 3767 988 3839 ad
1012 3766 1074 3839 F
1074 3770 1201 3862 Q
1290 3769 1520 3842 Datur
1551 3768 1762 3867 igitur
1792 3769 1993 3860 rati0‚
2042 3795 2198 3865 quae
2218 3796 2307 3846 ex
2349 3771 2457 3846 his
2476 3773 2657 3847 datis
2697 3776 3085 3850 rationibus

308 3914 313 3917 ,
465 3885 608 3962 AB
638 3883 730 3955 ad
762 3879 923 3971 EG,
974 3885 1048 3955 ὅτ
1104 3882 1253 3959 MP
1284 3882 1373 3955 ad
1401 3880 1561 3978 FQ
1610 3884 2079 3981 componitur,
2133 3885 2268 3958 hoc
2316 3884 2442 3976 est,
2493 3888 2669 3961 ratio
2704 3889 3092 3988 rectanguli

469 3998 611 4074 AB
666 3997 741 4069 in
801 3993 950 4069 MP
1029 3995 1120 4068 ad
1179 3995 1666 4094 rectangulum
1726 3995 1919 4069 EG
1905 4021 1976 4069 in
2026 3997 2210 4091 FQ
2267 3998 2383 4072 sed
2429 4002 2917 4099 rectangulum
2968 4001 3098 4075 AB

478 4111 566 4185 in
613 4109 760 4188 MP
822 4109 1313 4211 magnitudine
1379 4113 1590 4190 datur
1653 4118 1754 4209 (1.
1802 4109 1976 4211 huj.)
2050 4136 2221 4212 ergo
2278 4117 2767 4216 metangulurn
2822 4116 2959 4201 EG
3025 4119 3100 4191 in

2942 4226 3109 4333 FQ·
