4196 5352
477 963 1858 1087 ARGUMENTA
1980 958 3161 1119 LIBRORUM.

1133 1318 1686 1402 LIBER
1800 1316 2516 1397 PRIMUS.

529 1615 754 1779 IN
775 1649 1013 1703 novem
1045 1618 1308 1729 primis
1353 1615 1909 1729 proposttionibus
1946 1630 2312 1699 tractatur
2359 1615 2440 1697 de
2472 1599 2945 1723 affectionibus
2981 1616 3119 1727 Ju-

678 1747 1124 1854 perficierum
1183 1748 1577 1828 conicarum
1638 1773 1794 1853 quae
1869 1742 1960 1823 ab
2022 1740 2185 1823 aliis
2240 1741 2532 1823 antehac
2588 1740 2884 1827 traditae
2925 1743 3113 1849 fient.

529 1867 813 1949 Deinde
839 1869 1229 1948 traduntur
1263 1870 1436 1949 aliae
1507 1864 1822 1971 quaedam
1893 1864 2280 1969 affectiones
2331 1863 2884 1972 superficierum,
2961 1895 3118 1974 quae

506 1990 691 2093 stent
725 1989 936 2067 etiam
969 1988 1353 2095 ffctiones
1386 1986 1781 2098 praecipuae
1816 1983 1896 2072 &5
1922 1987 2274 2092 generales
2295 1987 2678 2093 sectionum
2704 1992 3122 2089 conicarum,

535 2135 618 2195 ut
676 2142 763 2194 ex
819 2113 1127 2223 ipsarum
1185 2112 1684 2223 definitionibus
1745 2113 1966 2221 postea
2015 2111 2539 2219 demonstratur.
2653 2120 3126 2199 Inveniuntur

520 2226 800 2322 'Centra
825 2237 1144 2351 Elltpseos
1168 2237 1247 2331 Εό
1285 2239 1882 2348 Hyperbolarum3
1924 2236 2006 2327 ξύ
2035 2256 2468 2351 exponuntur
2480 2242 2946 2351 proprietates
2979 2276 3136 2355 quae

538 2366 838 2450 omnibus
868 2365 1228 2447 diametris
1249 2365 1633 2473 stelionum
1659 2365 1736 2443 in
1776 2393 2029 2471 genere
2063 2364 2499 2449 conveniunt.
2611 2369 2891 2473 Agitur
2917 2373 3131 2454 etiam

528 2492 620 2580 'de
659 2497 1097 2607 proportione
1140 2493 1642 2606 quadratorum
1695 2512 2050 2573 rectarum
2085 2522 2240 2603 quae
2270 2495 2498 2576 cuivis
2534 2493 2872 2579 diametro
2905 2500 3128 2606 secti-

539 2625 683 2708 onis
729 2622 1106 2706 ordinatim
1165 2621 1634 2731 applicantur.
1749 2616 2032 2701 Deinde
2077 2623 2550 2730 generationes
2609 2625 2694 2704 &
2748 2621 3132 2732 affectiones

460 2775 467 2780 ·
542 2751 911 2846 linearum,
978 2777 1132 2859 quae
1186 2748 1517 2829 dicuntur
1563 2744 2114 2856 Hyperbolarum
2148 2749 2527 2857 asymptoti,
2582 2747 2876 2829 dilucide
2907 2755 3131 2860 expli-

540 2896 820 2973 cantur,
893 2876 980 2956 &
1036 2875 1398 2984 exponitur
1447 2891 1714 2974 natura
1770 2870 2320 2990 Hyperbolarum
2376 2872 2933 2982 conjugatarum.
3041 2884 3136 2959 ·In

540 3006 659 3088 hoc
686 3051 693 3058 ·
716 3004 892 3085 libro
946 3001 1196 3108 agitur
1246 3000 1331 3115 ‘de
1372 2988 1816 3113 proportione
1875 2998 2377 3107 quadratorum
2432 3003 2519 3081 &2³
2578 3005 3133 3112 rectangulorum

541 3161 698 3242 quae
749 3131 1183 3211 continentur
1216 3125 1592 3230 segmentis
1643 3117 2006 3217 rectarum
2031 3124 2181 3229 fibi
2210 3144 2441 3205 mutuo
2475 3132 3003 3228 occurrentium,
3044 3136 3131 3214 &

432 3268 435 3271 ”
512 3256 848 3364 fictiones
874 3250 1138 3330 conicas
1162 3244 1696 3353 contingentium
1720 3245 1842 3324 vel
1840 3245 2233 3360 secantium
2259 3281 2282 3343 ς
2339 3250 2426 3330 &³
2449 3251 2839 3333 traduntur
2863 3257 3136 3368 irfieper

543 3378 833 3465 methodi
881 3374 1169 3480 ducendi
1197 3390 1423 3454 rectas
1467 3401 1622 3481 quae
1642 3371 1953 3471 lectiones
1989 3375 2413 3482 contingant.
2527 3382 2852 3492 Denique
2885 3387 3135 3492 agitur

546 3507 627 3586 de·
668 3502 1087 3612 rectangulis
1136 3499 1458 3612 contentis
1495 3496 1703 3576 rectis
1751 3526 1907 3607 quae
1940 3529 1989 3579 a
1997 3500 2282 3608 punctis
2325 3503 2403 3581 in
2431 3504 2732 3610 sectione
2786 3507 3137 3602 ducuntur

547 3630 648 3712 ad
710 3627 1033 3740 trapezii
1105 3624 1427 3734 inscripti
1497 3622 1749 3719 latera,
1830 3624 1917 3704 &³
1976 3653 2128 3706 cum
2200 3624 2289 3704 iis
2355 3623 2545 3710 datos
2601 3634 2881 3741 angulos
2953 3667 3134 3719 com-
3183 3721 3188 3726 ,

528 3753 964 3865 prehendunt
1005 3785 1028 3849 ς
1108 3752 1195 3832 &³
1265 3746 1631 3854 ostenditur
1699 3745 1870 3828 duas
1914 3746 2246 3852 sectiones
2324 3753 2588 3838 conicas
2622 3759 2775 3865 sthi
2835 3762 3135 3847 invicem

549 3909 682 3964 non
724 3905 1077 3962 occurrere
1119 3877 1198 3962 in
1230 3874 1515 3990 punctis
1553 3871 1878 3986 pluribus
1927 3905 2135 3986 quam
2177 3893 2526 3992 quatum..

2576 4215 3125 4301 LIBER
