4196 5352
1128 506 1181 584 1
1206 472 1376 621 38
1538 466 2126 593 Sestionum
2184 467 2815 604 Conic‘arum
2869 467 3123 586 Lib.
3179 469 3397 584 ΙΙΙ.

1240 681 1355 744 tra
1399 662 1879 812 segmentum
1918 663 2047 745 δι’,
2027 684 2224 745 mtra
2261 664 2736 795 triangulum
2769 664 3014 770 BAC,
3074 662 3370 744 auferat
3420 661 3743 773 spatium

1249 793 1519 904 quovis
1562 796 1740 876 dato
1788 795 2019 905 spatio
2055 786 2339 876 minus·

1133 1002 1303 1074 Pars
1353 1028 1409 1078 1.
1617 1006 2126 1078 EGMENTO
2160 1006 2570 1078 inscribatur
2602 1006 3032 1102 triangulum
3064 1004 3278 1092 BOC,
3330 1022 3410 1076 ut
3446 1002 3516 1076 i'n
3548 1006 3752 1098 Prop.

1481 1159 1482 1162 ι
1659 1142 1853 1212 praec.
1901 1146 2070 1192 cum
2102 1122 2234 1194 hoc
2273 1118 2352 1190 fit
2376 1120 2758 1192 dimidium
2794 1122 3006 1192 totius
3044 1120 3372 1214 trianguli
3400 1120 3588 1192 BAC
3622 1120 3750 1192 erit

1131 1230 1285 1324 plus
1335 1256 1551 1325 quam
1601 1232 1980 1306 dimidium
2039 1234 2374 1330 segmenti
2426 1236 2808 1306 Parabolici
2864 1234 3154 1326 BOQC,
3226 1240 3300 1306 ὅτ
3340 1232 3654 1306 similiter
3698 1234 3748 1304 fi

1129 1346 1409 1438 reliquis
1439 1346 1809 1440 segmentis
1841 1346 2298 1420 inscribantur
2330 1346 2676 1440 triangula
2700 1346 2942 1432 ΒΜΟ,
2966 1346 3190 1438 CQ,
3258 1348 3402 1418 haec
3438 1346 3756 1418 auferent

1133 1460 1291 1554 plus
1340 1486 1555 1554 quam
1585 1460 1879 1532 dimidia
1915 1462 2170 1534 horum
2208 1462 2726 1556 segmentorum
2760 1460 2834 1532 ὃς
2864 1460 2912 1532 s1
2946 1462 3016 1532 in
3060 1462 3342 1558 reliquis
3380 1462 3754 1558 segmentis

1137 1572 1207 1644 id
1259 1572 1527 1666 semper
1593 1570 1743 1660 fiat,
1793 1572 1984 1642 idem
2044 1572 2448 1666 continget;
2512 1596 2730 1666 quare
2792 1574 3022 1668 figura
3074 1576 3396 1668 inscripta
3455 1574 3748 1646 tandem

1133 1684 1413 1758 deficiet
1467 1708 1509 1756 a
1577 1684 1944 1782 segmento
1970 1685 2378 1758 Parabolico
2434 1686 2651 1782 spatio
2698 1688 2950 1784 quovis
3002 1688 3166 1760 dato
3202 1686 3418 1784 spatio
3472 1688 3750 1760 minore

1135 1810 1235 1892 (1.
1297 1824 1409 1870 10.
1417 1804 1445 1886 )

1227 1912 1390 1984 Pars
1431 1934 1493 1982 2.
1557 1910 1637 1982 In
1685 1934 1843 1984 area
1875 1834 2136 1984 BACO
2178 1912 2586 1984 inscribatur
2632 1912 3062 2010 triangulum
3092 1910 3306 1982 HAZ
3340 1908 3538 2006 cujus
3570 1910 3750 1982 basis

1131 2026 1275 2097 HZ
1335 2022 1413 2098 s1t
1451 2022 1825 2120 parallela
1796 2026 2130 2120 jungenti
2166 2044 2530 2100 contactus
2560 2027 2706 2116 BC,
2770 2034 2842 2102 ὅτ
2884 2028 3218 2122 quoniam
3246 2026 3544 2118 aequales
3592 2024 3750 2098 sunt

1131 2142 1301 2230 (ΞΟ,
1327 2142 1489 2228 OA,
1541 2160 1747 2212 erunt
1783 2140 1996 2212 etiam
2030 2140 2188 2232 BH,
2222 2140 2370 2214 HA
2396 2160 2476 2212 ut
2502 2146 2572 2214 δε
2606 2142 2758 2230 CZ,
2794 2144 2926 2214 ΖΑ
2946 2140 3286 2234 aequales:
3346 2162 3512 2235 ergo
3536 2140 3748 2210 trian-

1135 2256 1385 2352 gulum
1447 2254 1661 2326 HAZ
1719 2254 1817 2328 est
1875 2254 2254 2328 dimidium
2312 2256 2824 2350 triangulorum
2882 2256 3104 2344 BOA,
3132 2254 3334 2328 COA
3386 2252 3612 2342 fimul,
3674 2260 3750 2326 &s

1137 2367 1425 2458 proinde
1457 2366 1553 2438 est
1585 2366 1739 2458 plus
1773 2390 1994 2458 quarn
2024 2366 2406 2436 dimidium
2450 2390 2624 2436 area:
2652 2364 2934 2456 BACO‚
2992 2372 3064 2440 ὅτ
3116 2364 3448 2454 similiter,
3506 2362 3556 2436 fi
3596 2364 3746 2436 reli-

1139 2476 1297 2570 quis
1343 2474 1713 2570 segmentis
1747 2472 2074 2560 BHOM,
2096 2476 2396 2566 CZOQ,
2450 2478 2900 2556 inscribantur
2934 2478 3276 2566 triangula
3308 2476 3508 2562 KHI,
3532 2476 3746 2564 RZP,

1139 2589 1291 2662 haee
1333 2584 1651 2660 auferent
1703 2586 1857 2680 plus
1905 2608 2124 2680 quam
2176 2584 2470 2656 dimidia
2522 2584 2778 2656 horum
2828 2584 3372 2678 segmentorum,
3438 2588 3511 2666 ὅτ
3570 2586 3616 2658 fi
3674 2588 3746 2659 id

1137 2702 1407 2798 semper
1461 2700 1611 2792 fiat,
1669 2702 1861 2772 idern
1889 2700 2296 2794 contingen
2354 2722 2572 2794 quare
2606 2698 2832 2796 figura
2884 2696 3406 2796 circumscripta
3450 2702 3742 2774 tandem

1141 2814 1405 2890 auferet
1451 2814 1563 2894 ab,
1585 2838 1738 2886 area
1775 2814 2034 2886 BACO
2070 2810 2367 2908 spatium
2394 2810 2656 2912 'quovis
2690 2812 2854 2884 dato
2890 2812 3102 2906 spatio
3136 2810 3394 2886 minus.

2074 3068 2138 3147 P
2176 3068 2252 3145 R
2290 3066 2364 3145 O
2404 3066 2490 3147 P.
2604 3066 2826 3145 XIII.

1149 3223 1253 3303 Sit
1305 3225 1603 3323 BOQC
1667 3223 1986 3333 spatium
2026 3219 2390 3299 Parabole'i
2446 3223 2522 3299 δε
2594 3221 2794 3299 recta
2832 3223 2964 3301 BC
3004 3221 3522 3315 terminatum,
3586 3223 3734 3299 du-

1253 3369 1463 3429 catur
1513 3368 1711 3427 recta
1747 3345 2192 3427 Parabolam
2240 3345 2688 3453 contingens
2724 3345 2800 3423 in
2844 3349 2918 3425 O
2971 3347 3322 3455 parallela
3372 3347 3502 3455 ipfi
3554 3347 3724 3441 BC,

1257 3479 1335 3555 &
1397 3503 1795 3555 occurrens
1849 3473 1926 3551 in
1974 3471 2048 3549 X
2100 3473 2178 3551 δε
2220 3473 2302 3551 Τ
2346 3471 2728 3551 diametris
2764 3473 3004 3553 ductis
3050 3501 3182 3581 per
3220 3495 3498 3581 puncta
3532 3477 3592 3555 B
3652 3479 3730 3555 δε

1253 3603 1321 3679 C
1347 3639 1371 3695 3
1433 3601 1571 3679 erit
1597 3601 2084 3707 segmentum,
2110 3594 2644 3675 parabolicum
2674 3597 2966 3695 BOQC
2994 3597 3084 3675 ad
3112 3597 3728 3709 parallelogram-

1254 3755 1477 3807 mum
1517 3723 2172 3831 circumscriptum
2210 3721 2542 3821 BXTC‚
2600 3739 2691 3803 ut
2732 3745 2806 3799 2.
2860 3723 2952 3801 ad
3008 3751 3082 3831 3.

1308 3933 1842 4009 UCANTUR
1887 3933 2080 4005 enim
2114 3931 2600 4025 contingentes
2622 3931 2774 4023 BA,
2800 3933 2954 4021 CA,
2990 3929 3064 4003 δέ
3116 3955 3236 4029 per
3292 3933 3594 4029 ipsarum
3622 3961 3732 4009 oc·-

1314 4096 1317 4097 ⁷
1379 4049 1655 4120 cursum
1677 4047 1743 4119 A
1771 4047 2066 4134 dueatur
2098 4047 2440 4123 diameter
2462 4045 2622 4137 AG,
2648 4071 2813 4141 quae
2842 4041 3156 4119 transibit
3180 4071 3302 4143 per
3328 4067 3734 4123 contactum

1139 4134 1230 4257 O,
1249 4159 1331 4259 ,ἃ
1369 4161 1696 4237 bisceabit
1727 4161 1942 4264 ipsam
1969 4161 2138 4237 BC
2122 4183 2216 4240 ιιι
2228 4157 2350 4251 G,
2378 4175 2532 4258 turn
2560 4179 2840 4263 propter
2862 4161 3006 4239 AG
3020 4163 3312 4263 duplam
3338 4159 3546 4261 ipsius
3563 4159 3734 4249 AO,

1273 4335 1275 4338 Α
3602 4275 3738 4349 erit
