4196 5352
885 441 1489 568 Seb't'ionum
1550 445 2190 566 Conicarum
2246 446 2503 569 Lib.
2547 448 2703 568 V.
2913 490 2964 566 1
2997 489 3063 603 7
3083 489 3150 603 7

1450 759 1928 839 PROP.
2042 761 2183 840 VI.

540 949 819 1034 Iisdem
883 954 1388 1050 manentibus,
1446 955 1503 1035 fi
1563 986 1697 1068 per
1751 955 2125 1036 utrumvis
2186 973 2655 1066 punctorum
2719 956 2822 1051 A,
2876 953 2992 1036 vel
3037 955 3128 1049 B,
3204 982 3340 1044 Fxo.
3394 1005 3488 1061 ¹3³

648 1101 833 1191 puta
875 1083 965 1177 B,
1022 1083 1337 1163 ducatur
1402 1103 1600 1163 recta
1665 1084 1873 1162 BOP
1942 1083 2410 1193 Hyperbolae
2485 1087 2910 1192 asymptoto
2975 1082 3133 1161 CY
3393 1083 3488 1142 ¹⁴·
3575 1189 3582 1194 .

644 1207 1023 1316 parallela,
1106 1236 1510 1290 occurrens
1604 1207 1737 1288 uni
1802 1237 1848 1289 e
1904 1208 2356 1289 sectionibus
2433 1209 2786 1319 oppofitis
2847 1209 2924 1288 in
2999 1211 3134 1302 03

645 1333 1097 1439 contingens
1160 1335 1386 1415 ducta
1460 1361 1595 1444 per
1657 1353 2034 1443 punctum
2110 1335 2185 1413 O
2265 1353 2612 1414 occurret
2688 1354 2905 1415 rectae
2979 1333 3137 1413 AT

572 1483 576 1488 ’
648 1454 935 1562 (ductae
985 1458 1162 1537 seiz.
1211 1487 1348 1569 per
1405 1458 1732 1538 alterum
1787 1481 2168 1570 punctum
2229 1459 2343 1564 A)
2407 1460 2502 1538 ad
2558 1458 2796 1569 ipsam
2833 1460 3139 1572 asymp-

643 1597 861 1664 toton
895 1583 1078 1665 CY.

718 1795 903 1870 UM
955 1796 1151 1871 enim
1201 1796 1273 1870 in
1329 1794 1480 1894 Fig.
1546 1818 1654 1892 13.
1710 1796 2131 1895 contingens
2184 1790 2336 1867 OF‘
2383 1816 2526 1869 non
2581 1795 2821 1870 tranfit
2882 1819 3007 1895 per
3061 1797 3141 1872 D

759 1910 1096 1983 verticem
1160 1910 1314 1983 seiz.
1363 1909 1687 1982 diametri
1743 1910 1885 1983 DR
1946 1910 2127 1982 inter
2183 1927 2441 2004 puncta
2497 1909 2588 1998 A,
2650 1909 2733 2000 B,
2804 1933 2946 1982 non
3009 1913 3143 1986 erit

522 2023 851 2123 parallela
880 2020 1002 2118 ipfi
1044 2019 1220 2113 AT,
1260 2022 1371 2095 sed
1400 2040 1719 2098 occurret
1742 2025 1807 2098 ei
1856 2025 2226 2119 producta?
2246 2021 2480 2095 versus
2511 2022 2950 2120 asymptoton
2983 2023 3147 2111 CY.

523 2137 603 2213 &
631 2142 702 2213 in
745 2139 895 2236 Fig.
951 2163 1056 2231 14.
1091 2138 1661 2212 manifestumest
1689 2137 2386 2237 contingentem-OF
2423 2137 2548 2238 ipsi
2581 2138 2725 2211 AT
2752 2163 3142 2231 occurrere,

524 2269 846 2326 occurrat
875 2251 1090 2348 igitur
1120 2250 1249 2324 OF
1281 2250 1404 2350 ipsi
1437 2253 1585 2326 AT
1619 2254 1692 2326 in
1723 2252 1783 2325 F
1816 2290 1838 2340 ;
1881 2255 2014 2329 erit
2047 2250 2108 2324 F
2135 2255 2226 2327 ad
2274 2252 2717 2350 asymptoton
2758 2253 2910 2327 CY.

620 2380 820 2453 Nam
874 2376 927 2453 fi
987 2402 1155 2470 non,
1206 2404 1248 2453 a
1278 2399 1546 2484 puncto
1595 2382 1655 2453 F
1702 2381 1865 2456 duci
1920 2382 2146 2480 potest
2202 2391 2351 2478 (52.
2385 2381 2506 2454 lib.
2566 2385 2668 2478 1.)
2696 2384 2914 2457 altera
2957 2401 3148 2457 recta

521 2496 939 2591 contingens
987 2517 1210 2567 unam
1279 2521 1322 2567 e
1374 2496 1797 2566 sectionibus
1843 2496 2177 2589 oppofitis
2226 2495 2297 2561 in
2362 2513 2628 2588 puncto
2686 2496 3001 2589 quodam
3051 2497 3155 2586 X,

503 2607 851 2710 jungatur
896 2605 1059 2696 ΟΧ,
1110 2611 1185 2682 ὅτ
1238 2608 1580 2702 quoniam
1612 2625 1984 2702 punctum
2026 2605 2112 2696 F,
2163 2627 2206 2676 a
2262 2626 2408 2699 quo
2456 2607 2816 2683 ducuntur
2871 2611 3146 2685 contin-

522 2742 770 2817 gentes
790 2722 946 2807 FO,
976 2719 1035 2788 F
1036 2718 1131 2807 X,
1162 2718 1263 2790 est
1301 2720 1374 2790 in
1403 2739 1592 2791 recta
1627 2718 1770 2788 AT
1799 2722 1874 2792 ὅτ
1908 2735 2260 2813 punctum
2291 2712 2349 2784 B
2380 2718 2686 2811 positum
2709 2723 2808 2792 est
2837 2723 3150 2818 respectu

522 2851 952 2930 punctorum
988 2830 1075 2921 A,
1111 2828 1208 2923 D,
1263 2849 1346 2904 ut
1397 2829 1467 2902 in
1504 2826 1971 2926 propofitione
2021 2825 2485 2924 praecedente,
2537 2848 2728 2903 recta
2779 2831 2920 2904 ΟΧ
2958 2850 3149 2907 tran·

521 2943 679 3020 fibit
712 2968 838 3044 per
868 2963 1219 3039 punctum
1248 2944 1304 3013 B
1355 2952 1514 3036 (per
1545 2940 1714 3013 Cor.
1753 2945 1994 3038 praec.)
2028 2939 2165 3013 hoc
2200 2938 2300 3011 est
2335 2942 2686 3016 coincidet
2728 2968 2898 3019 curn
2951 2966 3141 3021 recta

519 3054 733 3142 BOP,
763 3077 933 3147 ergo
962 3069 1149 3122 recta
1170 3050 1377 3139 BOP,
1398 3074 1554 3143 quae
1584 3052 1681 3121 est
1711 3052 2107 3148 asymptoto
2138 3049 2488 3146 parallela,
2509 3054 2812 3127 occurrit
2832 3053 3140 3149 sectioni,

519 3165 635 3239 vel
696 3161 1116 3237 sectionibus
1169 3162 1239 3232 in
1289 3159 1573 3232 duobus
1619 3163 1901 3255 punctis
1932 3164 2001 3234 Ο
2030 3160 2109 3234 δε
2143 3163 2243 3248 X,
2288 3166 2482 3257 quod
2531 3162 2679 3240 fieri
2720 3170 2990 3265 nequit,
3037 3171 3140 3246 est

522 3277 735 3376 igitur
769 3293 1121 3375 punctum
1164 3270 1227 3344 F
1250 3274 1341 3347 ad
1376 3273 1771 3369 asymtoton
1801 3274 1958 3347 CY.
2060 3274 2252 3376 QE.
2277 3275 2370 3351 D.

622 3452 820 3530 Con.
886 3452 938 3528 Ι.
996 3450 1067 3526 Si
1131 3450 1468 3549 pofitione
1516 3452 1723 3526 detur
1772 3453 2214 3551 Hyperbola,
2264 3451 2343 3527 δι
2398 3454 2606 3528 detur
2661 3474 3015 3553 punctum
3075 3460 3138 3535 F

518 3567 593 3644 in
642 3563 791 3662 ejus
844 3564 1237 3661 asymptoto
1289 3563 1448 3655 CY,
1499 3558 1577 3637 &
1631 3589 1674 3635 a
1732 3582 1998 3661 puncto
2059 3565 2121 3638 F
2169 3567 2467 3638 ducatur
2519 3585 2709 3641 recta
2762 3588 3141 3647 occurrens

513 3677 949 3776 Hyperbolae
1003 3677 1116 3750 vel
1180 3676 1510 3775 oppositis
1568 3677 1999 3775 Hyperbolis
2052 3677 2127 3752 in
2183 3680 2463 3753 duobus
2514 3681 2795 3777 punctis
2848 3684 2949 3776 N,
3002 3674 3079 3760 T
3108 3723 3135 3775 ς

509 3792 1000 3886 contingentes
1060 3812 1185 3886 per
1261 3789 1406 3861 haec
1469 3808 1732 3884 puncta
1793 3790 2026 3863 ductae
2085 3787 2206 3864 fibi
2237 3791 2570 3865 ‘invicem
2628 3815 2996 3872 occurrent
3055 3800 3130 3873 In

511 3903 824 3999 quadam
854 3918 1043 4005 recta
1066 3899 1190 3973 ΟΡ
1220 3923 1376 3997 quae
1399 3898 1736 3997 positione
1777 3899 2076 3977 dabitur.
2147 3902 2210 3975 A
2235 3922 2501 4000 puncto
2532 3902 2591 3976 F
2612 3908 2910 3982 ducatur
2937 3931 3130 3988 recta

510 4014 927 4111 contingens
957 4008 1449 4108 Hyperbolam
1501 4013 1572 4087 in
1614 4032 1878 4110 puncto
1908 4013 2000 4106 Ο,
2052 4016 2393 4110 quoniam
2447 4041 2488 4089 a
2516 4039 2781 4114 puncto
2817 4021 2886 4092 'F
2916 4023 3124 4096 unica

512 4127 933 4224 contingens
986 4125 1149 4199 duci
1244 4125 1468 4223 potest
1536 4125 1819 4199 dabitur
1884 4146 2232 4223 punctum
2287 4129 2378 4219 O,
2449 4133 2525 4204 ὅτ
2579 4133 2871 4226 proinde
2934 4154 3128 4213 recta

517 4236 647 4317 ΟΡ
690 4242 905 4318 ducta
934 4234 1055 4339 ipsi
1109 4236 1246 4315 CY
1289 4238 1618 4338 parallela
1669 4237 2005 4338 positione
2051 4241 2390 4335 dabitur;
2439 4263 2810 4320 occurrant
2854 4243 2979 4322 fibi
3015 4250 3121 4323 in-
3217 4296 3224 4299 -

1847 4352 1915 4426 Z
2889 4358 3122 4436 vicem
