4196 5352
726 1650 865 1713 Fic-
920 1670 968 1708 ι.

1121 461 1187 574 8
1204 460 1273 573 6
1537 451 2126 576 Seinonum
2186 460 2812 579 Conicarum
2842 458 3097 582 Lib.
3167 466 3287 583 ΙΙ
3296 554 3320 580 .

2059 770 2123 848 P
2160 774 2235 850 R
2274 775 2349 851 O
2386 775 2471 854 P.
2585 775 2728 853 III.

1117 913 1192 993 Si
1236 934 1436 995 recta
1506 915 1762 997 secans
1814 914 2262 996 Parabolam
2338 934 2686 996 occurrat
2746 916 2970 1025 ipfius
3044 916 3417 1005 diametro
3453 964 3478 1021 3
3539 957 3703 1012 rec-

1223 1042 1627 1150 tangulum
1677 1062 2127 1124 contentum
2178 1046 2333 1151 ejus
2397 1044 2804 1153 segmentis
2871 1043 3067 1123 inter
3126 1048 3585 1137 diametrum
3622 1064 3702 1140 ὅτ,

1222 1170 1693 1264 parabolam,
1755 1172 1894 1249 erit
1931 1170 2216 1278 aequale
2251 1170 2688 1280 rectangulo
2714 1189 3073 1253 contento
3112 1176 3502 1284 segmento
3539 1187 3701 1264 dia..

1223 1295 1447 1372 metri
1479 1296 1670 1374 inter
1696 1296 2241 1401 verticem'ejus
2266 1299 2344 1376 δι
2372 1297 2767 1392 secantem,
2799 1300 2879 1377 &
2902 1321 3325 1407 parametro
3354 1307 3699 1392 diametri

1213 1421 1343 1497 cui
1377 1419 1527 1527 ipsa
1565 1418 1814 1500 secans
1844 1420 2256 1502 ordinatim
2294 1422 2734 1533 applicatur.

1248 1606 1306 1677 E
1329 1610 1387 1679 C
1408 1609 1468 1680 E
1488 1607 1561 1681 T
1616 1628 1804 1682 recta
1822 1609 2237 1683 Parabolam
2274 1611 2344 1683 in
2372 1612 2649 1706 punctis
2680 1613 2774 1702 A,
2804 1612 2886 1702 B,
2914 1615 2987 1686 ὅτ
3012 1635 3329 1690 occurrat
3358 1619 3705 1697 diametro

1293 1718 1424 1790 ΕΙ)
1458 1721 1526 1792 in
1565 1720 1648 1808 E,
1708 1727 1782 1794 ὅτ
1815 1718 1915 1831 ίῐῑ1
1941 1722 1998 1792 F
2002 1722 2070 1793 G
2117 1722 2459 1795 diameter
2505 1724 2615 1796 cui
2672 1725 2796 1797 AB
2848 1726 3224 1801 ordinatim
3281 1733 3693 1828 applicatur,

1088 1831 1365 1925 ejusque
1422 1852 1814 1929 parameter
1860 1835 1959 1922 P;
2014 1835 2147 1907 erit
2202 1836 2694 1931 rectangulum
2751 1836 2940 1911 ΑΕΒ
2985 1843 3250 1936 aequale
3298 1849 3701 1945 rectangulo

1091 1944 1223 2015 ED
1263 1947 1332 2016 in
1368 1947 1449 2018 P.
3627 1991 3663 2018 0·

1199 2058 1520 2129 Ducamr
1551 2058 1742 2131 enim
1802 2080 1924 2153 per
1952 2060 2293 2133 verticem
2342 2064 2670 2138 diametri
2713 2066 2841 2136 FG
2876 2086 3063 2140 recta
3082 2071 3501 2148 Parabolam
3534 2100 3698 2149 con-

1083 2169 1387 2265 tingenS‚
1441 2174 1515 2243 ὅτ
1552 2192 1921 2241 occurrens
1949 2171 2295 2244 diametro
2338 2175 2470 2247 ΕΙ)
2503 2178 2572 2247 in
2604 2178 2697 2264 R,
2737 2177 2868 2249 erit
2903 2181 3229 2272 parallela
3271 2187 3522 2261 secanti
3574 2187 3702 2261 AB

1094 2292 1247 2375 (per
1294 2284 1451 2353 Cor.
1501 2306 1557 2353 1.
1600 2304 1708 2372 25.
1746 2282 1861 2352 lib.
1905 2287 2002 2367 1.)
2059 2302 2131 2352 et
2182 2307 2350 2375 ergo
2397 2309 2524 2376 per
2566 2289 2730 2355 Cor.
2779 2312 2887 2381 19.
2939 2294 3056 2365 lib.
3102 2319 3157 2368 1.
3216 2305 3704 2397 rectangulum

1079 2393 1268 2465 ΑΕΒ
1305 2395 1403 2465 est
1429 2395 1516 2465 ad
1547 2394 1972 2487 quadratum
1996 2419 2084 2467 ex
2117 2392 2175 2464 F
2175 2396 2271 2484 R,
2315 2414 2396 2468 ut
2450 2396 2581 2469 ΕΙ)
2623 2400 2710 2471 ad
2764 2399 2936 2491 DR,
2967 2401 3108 2478 five
3140 2426 3219 2481 ut
3254 2410 3389 2485 ED
3416 2415 3489 2486 in
3518 2419 3574 2490 P
3610 2420 3699 2492 ad

1083 2506 1230 2579 DR
1261 2509 1330 2580 in
1362 2508 1417 2579 P
1449 2543 1470 2592 ς
1502 2532 1668 2603 ergo
1698 2510 2191 2605 permutando,
2223 2511 2709 2608 rectangulum
2748 2515 2934 2589 ΑΕΒ
2965 2520 3063 2592 est
3095 2523 3183 2596 ad
3205 2530 3694 2633 rectangulum

1092 2621 1224 2695 ΕΙ)
1248 2623 1316 2693 in
1357 2621 1434 2712 P,
1469 2640 1546 2694 ut
1571 2622 2106 2717 quadratumjex
2134 2622 2260 2695 FR
2291 2624 2376 2697 ad
2408 2629 2898 2728 rectangulum
2925 2629 3068 2709 DR
3099 2636 3169 2711 in
3191 2640 3275 2732 P,
3307 2640 3439 2716 hoc
3469 2645 3590 2738 est,
3622 2647 3694 2727 in

1084 2738 1352 2808 ratione
1378 2734 1814 2831 aequalitatis,
1853 2759 1977 2832 per
2007 2740 2541 2834 praecedentem.

1753 2974 2141 3057 Corollaria
2196 2955 2299 3058 dd
2345 2977 2517 3060 duas
2558 2985 3043 3091 praecedentes.

1200 3197 1387 3271 Con.
1462 3195 1512 3271 Ι.
1577 3195 1646 3268 Si
1702 3198 1858 3269 duae
1916 3216 2128 3273 rectae
2179 3199 2596 3278 Parabolam
2651 3209 3146 3309 contingentes
3196 3212 3323 3290 fibi
3388 3223 3690 3301 invicem

1049 3324 1492 3393 ‹occurrant3
1541 3309 1882 3400 quadrata
1924 3334 2011 3383 ex
2046 3335 2289 3384 earum
2327 3314 2700 3409 segmentis
2730 3321 2909 3394 inter
2940 3345 3304 3403 contactus
3343 3332 3418 3406 &
3449 3363 3690 3413 occur-

1080 3423 1282 3504 sum;
1336 3439 1539 3492 erunt
1590 3421 1678 3492 ad
1739 3420 1804 3494 se
1859 3423 2165 3496 invicem
2222 3444 2303 3497 ut
2357 3432 2732 3519 parametri
2784 3434 3312 3533 diametrorum,
3365 3471 3520 3542 quae
3568 3475 3690 3547 per

1041 3555 1442 3608 contactus
1498 3535 1865 3612 transeunt.
1971 3538 2163 3613 Nam
2218 3542 2460 3634 (ducta
2519 3546 2863 3623 diametro
2925 3575 3050 3648 per
3106 3566 3467 3636 occursum
3523 3591 3689 3639 con-

1082 3647 1541 3742 tingentium)
1581 3648 2007 3739 quadratum
2062 3676 2149 3722 ex
2194 3655 2522 3727 alterutra
2554 3662 3011 3759 contingente
3050 3670 3184 3740 erit
3233 3677 3501 3772 aequale
3546 3705 3690 3754 rec-

1079 3761 1368 3856 tangulo
1432 3778 1762 3834 contento
1819 3783 2215 3857 parametro
2278 3769 2600 3844 diametri
2665 3800 2823 3869 quae
2879 3804 3003 3877 per
3068 3782 3214 3878 ejus
3281 3810 3687 3866 contactum

1089 3871 1349 3960 transit,
1385 3880 1455 3947 &
1482 3875 1734 3947 eadem
1766 3885 1948 3950 recta
1976 3880 2126 3953 seiz,
2159 3865 2517 3979 segmento
2546 3890 2868 3966 diametri
2898 3895 3075 3972 inter
3097 3899 3301 3997 ipsius
3324 3907 3682 3996 verticem,

1080 3994 1154 4061 ὅτ
1190 3989 1555 4059 occursum
1591 3993 2174 4087 contingentium.
2254 4037 2255 4040 =
2944 4017 2951 4022 ’

1183 4106 1372 4178 CoR.
1408 4105 1490 4178 ΙΙ.
1525 4103 1616 4176 Et
1647 4105 1952 4180 similiter
1974 4110 2019 4183 fi
2045 4112 2201 4187 duae
2221 4135 2422 4189 rectae
2452 4121 2865 4197 Parabolam
2896 4126 3199 4204 secantes
3224 4128 3345 4200 fibi
3376 4103 3681 4204 invicem

1078 4239 1441 4292 occurrant
1471 4258 1490 4306 3
1559 4225 1960 4319 rectangula
2012 4246 2342 4305 contenta
2386 4232 2755 4329 segmentis
2805 4242 3182 4320 secantium
3232 4244 3409 4315 inter
3439 4268 3681 4319 earum

3285 4362 3669 4460 soccursum
