4196 5352
900 417 1502 551 sefflionum
1561 352 2193 539 Cobicarum
2247 421 2504 539 Lib.
2550 424 2642 537 Ι.
3038 463 3108 573 7

606 636 796 710 Con.
829 631 959 705 IV.
1043 629 1281 701 Omne
1326 625 1622 721 planum
1659 619 1996 696 translens
2038 644 2166 718 per
2215 619 2610 717 hujusmodi
2662 636 2927 693 rectam
2969 617 3118 710 EF,

511 750 589 824 iu
634 744 843 844 priori
893 742 1075 833 casu,
1126 739 1382 814 secabit
1427 757 1807 831 utramque
1855 732 2334 831 &perficiem
2384 738 2462 808 ὅτ
2516 732 2592 805 in
2640 731 3019 828 posteriori,
3065 729 3117 802 fi

510 884 638 959 per
682 861 824 933 AD
866 855 1161 930 transeat
1206 854 1503 952 planum
1547 868 1745 923 extra
1777 866 2156 942 utramque
2185 844 2619 942 superficiem
2645 845 2929 934 cadem,
2973 843 3120 937 pla-

509 996 689 1049 num
716 994 843 1069 per
868 967 1046 1043 EPF
1092 965 1259 1039 huic
1305 961 1747 1060 parallelum,
1803 957 2244 1057 superficiem
2298 957 2619 1030 conicam
2666 957 2846 1029 intra
2896 976 3122 1049 quam

510 1106 859 1186 punctum
905 1085 965 1158 P
1034 1080 1398 1176 sumptum
1464 1074 1566 1149 est
1638 1073 1898 1147 secabit
1940 1096 2067 1171 per
2110 1088 2348 1145 totum
2399 1069 2547 1169 ejus
2598 1068 2980 1159 ambitum,
3040 1071 3118 1141 ὅτ

506 1196 889 1301 superficiei
921 1190 1249 1293 oppofitae
1275 1212 1418 1264 non
1446 1203 1786 1263 occurret.

1473 1425 1893 1511 PROP.
1974 1425 2162 1506 VII.

626 1586 705 1666 Si
741 1583 1097 1665 alterutra
1120 1575 1693 1690 superficierum
1724 1566 2243 1681 oppofitarum
2269 1560 2555 1643 secetur
2611 1554 2838 1666 plano
2871 1556 3108 1638 GHF
3173 1568 3311 1630 1²10.
3348 1590 3435 1631 ιο.

512 1712 666 1794 bafi
698 1710 1087 1823 parallelo,
1142 1708 1283 1787 erit
1317 1702 1543 1786 sectio
1577 1697 1899 1794 EGFL,
1950 1690 2218 1775 circuli
2250 1683 2865 1771 circumferentia
2897 1687 3017 1792 cuj
3026 1713 3111 1765 us

506 1860 870 1925 centrum
903 1856 1049 1917 ent
1079 1862 1161 1915 m
1195 1859 1339 1911 axe
1374 1854 1578 1908 com.

660 2071 794 2147 IT
839 2068 903 2140 C
949 2062 1128 2138 bafis
1171 2075 1501 2137 centrum
1561 2058 1640 2132 &
1682 2052 1819 2127 Ac
1854 2051 2005 2127 axis
2059 2050 2246 2141 coni,
2309 2048 2576 2124 secetur
2612 2071 2832 2123 conus
2869 2064 3122 2122 utcun-

688 2208 830 2281 que
856 2204 984 2278 per
1011 2202 1221 2253 axem
1248 2173 1532 2247 duobus
1554 2167 1783 2266 planis
1807 2164 2230 2241 facientibus
2253 2164 2600 2262 triangula
2627 2162 2859 2253 ABD,
2881 2160 3122 2252 ATK,

505 2326 673 2401 quae
705 2299 786 2394 (fi
814 2321 995 2395 opus
1016 2292 1386 2391 producta)
1415 2301 1790 2359 occurrant
1812 2284 2029 2381 plano
2050 2279 2259 2354 GHF
2289 2280 2362 2353 in
2397 2278 2604 2352 rectis
2622 2278 2858 2367 GHL,
2874 2275 3073 2348 EHF
3085 2314 3116 2363 ι,

504 2419 604 2494 ob
648 2415 861 2511 plana
906 2406 1234 2509 parallela
1281 2419 1491 2479 erunt
1529 2397 1881 2494 triangula
1924 2394 2158 2487 AHF,
2202 2392 2428 2485 ACK,
2479 2395 2584 2466 uti
2627 2394 2843 2466 etiarn
2884 2389 3116 2481 AHL,

505 2531 712 2606 ACD
743 2526 1033 2601 fimilia:
1085 2543 1306 2617 quare
1333 2518 1467 2592 erit
1505 2515 1649 2588 HL
1679 2516 1770 2589 ad
1805 2512 1963 2603 CD,
2018 2528 2105 2584 ut
2139 2507 2288 2580 ΑΗ
2311 2506 2403 2582 ad
2426 2507 2587 2596 AC,
2638 2510 2714 2580 δι
2742 2505 2876 2578 erit
2900 2504 3116 2578 etiam

507 2646 648 2720 HF
673 2645 766 2718 ad
793 2642 948 2734 CK,
994 2639 1072 2712 iu
1113 2636 1365 2711 eadem
1401 2631 1694 2720 ratione,
1740 2628 1935 2704 unde
1976 2623 2453 2721 (alternando)
2495 2620 2628 2696 erit
2655 2620 2799 2693 HL
2837 2621 2928 2692 ad
2951 2619 3130 2712 HF,-

506 2778 591 2836 ut
616 2757 761 2834 CD
781 2758 873 2831 ad
895 2755 1052 2845 CK,
1085 2752 1201 2827 sed
1236 2748 1382 2824 CD
1404 2763 1477 2822 et
1505 2747 1637 2820 CK
1673 2743 1981 2841 aequales
2015 2740 2201 2831 sunt,
2239 2761 2409 2835 ergo
2434 2734 2741 2830 aequales
2767 2734 2924 2805 sunt
2947 2734 3116 2822 HL,

508 2875 666 2952 HF.
714 2873 875 2950 Pari
905 2871 1124 2945 modo
1148 2863 1414 2942 ostendi
1445 2861 1670 2968 potest
1695 2861 1874 2934 duas
1902 2855 2178 2954 quasvis
2207 2854 2375 2927 alias
2401 2867 2623 2924 rectas
2643 2864 2725 2921 ut
2745 2846 2918 2937 HG,
2950 2847 3115 2939 HE,

506 2990 755 3065 ductas
785 3014 828 3063 a
847 3003 1117 3087 puncto
1142 2979 1228 3054 H
1260 2980 1353 3051 ad
1382 2975 1759 3049 sectionem
1792 2971 2047 3045 EGFL
2073 2966 2208 3043 effe
2233 2966 2541 3063 aequales
2564 2985 2735 3059 ergo
2762 2959 2889 3033 ista
2909 2960 3115 3033 sectio

509 3104 611 3177 est
642 3104 885 3178 circuli
931 3088 1525 3181 circumferentia,
1563 3091 1641 3161 δε
1663 3095 1765 3183 (9.
1800 3089 1901 3181 3.)
1941 3101 2270 3158 cenuum
2290 3078 2440 3179 ejus
2458 3078 2536 3152 H
2558 3076 2757 3152 estin
2787 3099 2918 3149 axe
2954 3076 3113 3149 eoni

509 3233 592 3291 ut
619 3231 835 3315 patet.
1344 3235 1352 3244 ·

601 3411 788 3487 Con.
819 3407 874 3484 1.
925 3404 1122 3479 Hinc
1144 3414 1338 3498 patet
1368 3394 1560 3493 quod
1587 3392 1637 3468 fi
1668 3389 2055 3491 hujusmodi
2079 3385 2398 3464 sectionis
2422 3384 2764 3460 diameter
2791 3389 3113 3480 ducatur,

512 3543 641 3619 per
664 3547 875 3599 axem
902 3517 1066 3594 coni
1098 3511 1455 3597 tranfibit;
1505 3513 1583 3583 δε
1608 3526 1857 3581 contra
1884 3504 1934 3579 fi
1966 3505 2155 3580 recta
2200 3503 2273 3576 in
2322 3502 2533 3599 plano
2564 3499 2954 3596 hujusmodi
2985 3501 3120 3574 sec·

515 3635 723 3713 tionis
745 3638 983 3727 ducta,
1027 3626 1327 3705 trauseat
1354 3645 1480 3722 per
1509 3645 1718 3696 axem
1745 3620 1933 3709 coni,
1979 3618 2115 3692 erit
2138 3617 2481 3694 diameter
2503 3613 2836 3691 sectionis.

616 3748 807 3825 Con.
840 3749 926 3824 11.
990 3745 1187 3819 Hinc
1216 3741 1436 3814 etiam
1467 3735 1716 3833 liquet,
1761 3732 1957 3833 quod
1986 3731 2222 3829 quivis
2242 3729 2549 3806 circulus
2583 3725 2719 3801 bafi
2750 3726 3116 3824 parallelus

516 3862 1005 3968 probafieoni
1041 3857 1281 3938 haberi
1321 3852 1565 3956 potest.

2754 4063 3107 4142 PROP.
