4196 5352
878 371 892 387 θ
1013 232 1605 353 Εεὲῗίοηιιητ
1665 235 2295 356 Conicarum
2338 236 2622 397 Lib..
2663 239 2815 356 V.
3031 278 3103 357 2
3127 280 3175 357 1
3212 280 3264 358 1

622 428 767 505 DA
790 425 913 502 fibi
946 450 1198 506 mutuo
1223 430 1753 505 occurrentibus
1775 432 1847 505 in
1866 433 2148 529 punctis
2174 432 2260 526 F,
2294 433 2361 506 G
2384 430 2822 531 ;jungantur
2840 431 3057 508 etiam
3087 434 3247 527 AC,

616 538 795 621 BD:
834 547 911 619 ὅτ
937 546 1276 641 quoniam
1305 545 1377 618 in
1407 545 1706 618 sectione
1758 546 2100 643 inscriptae
2134 548 2293 621 sunt
2333 565 2537 620 rectae
2589 546 2749 638 AC,
2801 545 2962 635 BD,
3031 566 3261 622 erunt

622 663 778 752 (per
810 658 1015 753 Prop.
1050 656 1119 733 8.
1152 655 1327 752 huj.)
1378 673 1643 754 puncta
1673 654 1760 748 F,
1826 658 1921 750 G,
1985 662 2060 733 ὅτ
2121 658 2447 732 occursus
2490 676 2848 733 rectarum
2903 682 3068 755 quae
3111 659 3250 732 sec·

613 769 884 842 tionem
914 770 987 842 in
1009 771 1292 864 punctis
1321 772 1403 861 B,
1459 769 1535 843 D
1561 769 2010 866 contingunt,
2052 768 2126 841 in
2161 787 2351 843 recta
2395 769 2604 861 linea,
2653 770 2786 845 hoc
2814 769 2950 862 est,
2995 768 3243 864 juncta

618 881 674 953 F
680 881 752 955 G
778 907 902 979 per
926 883 1290 957 occursum
1310 883 1502 957 hunc
1524 880 1852 955 transibit.
1960 881 2399 981 Omiffojam
2427 905 2691 979 puncto
2723 885 2813 975 A,
2853 883 2933 957 fit
2973 883 3237 959 BCDE

614 999 1166 1091 quadrilaterum
1204 997 1484 1091 reliquis
1538 1015 1839 1091 quatuor
1870 1017 2312 1087 contentum,
2364 995 2635 1091 sintque
2697 1017 2957 1093 puncta
3009 997 3109 1089 H,
3165 999 3235 1071 K

616 1113 1128 1185 interfectiones
1166 1111 1464 1183 laterum
1498 1107 1728 1205 ipsuis,
1760 1115 1833 1184 ὅτ
1868 1111 1990 1183 EC
2028 1111 2374 1209 jungatur
2407 1139 2425 1186 :
2493 1113 2831 1205 quoniam
2883 1111 3093 1207 igitur
3151 1113 3227 1183 in

614 1223 908 1297 sectione
948 1227 1284 1318 inscriptae
1306 1225 1460 1295 sunt
1502 1223 1652 1315 EC,
1690 1225 1826 1297 BD
1894 1245 2118 1317 rectas,
2172 1245 2376 1297 erunt
2437 1225 2947 1299 interfectiones
2991 1225 3091 1315 H,
3133 1227 3227 1317 K,

609 1341 684 1409 &c
710 1339 1030 1409 occursus
1062 1355 1412 1409 rectarum
1464 1359 1618 1427 quae
1656 1339 2034 1413 sectionem
2066 1341 2136 1411 in
2168 1337 2250 1429 Β,
2288 1339 2362 1411 D
2419 1341 2865 1435 contingunt,
2917 1339 2987 1411 in
3043 1357 3231 1411 recta

608 1453 812 1541 linea,
868 1453 1000 1523 hoc
1029 1453 1416 1549 est,juncta
1438 1451 1586 1523 HK
1614 1473 1738 1545 per
1758 1453 2122 1551 occursum
2170 1453 2358 1527 hunc
2409 1455 2723 1529 transibit
2759 1481 2773 1527 :
2829 1455 3019 1527 idem
3055 1479 3225 1529 vero

606 1567 926 1639 occursus
994 1567 1299 1639 ostensus
1360 1563 1490 1635 fuit
1538 1561 1666 1637 esse
1704 1563 1982 1635 inrecta
2006 1561 2160 1653 FG,
2226 1583 2395 1657 ergo
2435 1565 2673 1659 ipsein
2699 1585 3045 1637 rectarum
3069 1567 3225 1659 FG,

606 1675 752 1761 HK
802 1673 1278 1749 intersectione
1310 1675 1374 1745 L
1404 1675 1840 1763 invenietur3
1878 1693 1950 1749 et
2006 1691 2372 1773 propterea
2411 1675 2679 1773 junctae
2711 1675 2853 1767 LB,
2887 1679 3025 1753 LD
3085 1681 3225 1753 sec-

608 1789 880 1861 tionem
906 1791 976 1861 in
1008 1787 1092 1879 Β,
1122 1789 1196 1861 D
1222 1791 1502 1885 punctis
1534 1793 1964 1889 contingent.
2032 1789 2127 1863 Et
2160 1789 2409 1865 eadem
2441 1793 2709 1889 prorsus
2733 1793 2997 1867 ratione
3021 1795 3215 1871 inve-

606 1903 884 1977 nientur
904 1903 1392 1999 contingentes
1420 1905 1794 1995 sectionem
1832 1905 1904 1979 in
1950 1905 2234 2001 reliquis
2264 1907 2563 2005 punctis.

698 2033 872 2107 Haec
898 2033 1278 2131 Propofitio
1308 2033 1364 2133 ej
1372 2057 1454 2123 us
1483 2031 1946 2120 Corollarium
1976 2055 2066 2107 ex
2094 2031 2385 2107 Conicis·
2415 2035 2631 2111 Dom.
2679 2035 2933 2113 Robertt'
2957 2034 3208 2129 Simson,

604 2145 1088 2229 desumuntur.
1142 2149 1289 2227 vid.
1322 2151 1492 2227 Cor.
1526 2173 1604 2229 2..
1628 2145 1704 2225 δι
1742 2173 1806 2249 3.
1840 2153 2044 2249 Prop.
2078 2171 2194 2249 4¹7.
2226 2149 2346 2227 lib.
2378 2173 2445 2249 5.
2479 2149 2665 2239 Edit.
2711 2174 2767 2233 1.

1492 2641 2254 2717 FINIS.
