4196 5352
902 417 1503 551 SeHionum
1548 425 2185 544 Conicarum
2261 426 2517 546 Lib.
2565 431 2621 545 I
2630 519 2655 546 .
2926 474 2991 592 5
3017 479 3087 589 7

484 657 580 707 ex
634 627 766 701 CA
815 628 905 701 ad
950 628 1378 724 quadratum
1428 653 1517 701 ex
1562 631 1710 721 CL,
1764 634 1843 705 ὅτ’
1886 655 2013 729 per
2059 633 2265 727 Prop.
2323 654 2437 724 32.
2491 633 2622 705 erit
2675 637 3100 733 quadratum

487 771 578 818 ex
626 745 755 838 QP
811 745 900 817 ad
947 744 1287 838 quadrata
1333 766 1420 816 ex
1459 745 1601 836 PC,
1633 746 1784 819 MC
1823 743 2048 834 fimul,
2103 763 2183 817 ut
2230 745 2658 839 quadratum
2705 773 2792 821 ex
2845 751 2966 823 CL
3003 753 3092 826 ad

484 861 913 954 quadratum
967 883 1056 933 ex
1108 859 1302 933 CM:
1383 881 1551 955 ergo
1604 883 1981 955 exaequo,
2055 860 2186 932 erit
2233 860 2724 957 reetangulum
2781 861 2954 938 F'PE
3008 866 3092 937 ad

485 976 829 1067 quadrata
856 999 944 1046 ex
979 973 1121 1063 PC,
1153 970 1310 1045 CM
1334 968 1564 1063 simul,
1629 990 1711 1046 ut
1764 974 2191 1068 quadratum
2227 998 2316 1047 ex
2352 975 2482 1047 CA
2531 977 2622 1047 ad
2667 977 3092 1070 quadratum

485 1110 575 1171 ex
632 1088 823 1160 CM:
902 1086 1048 1181 pari
1129 1084 1395 1159 ratione
1477 1087 1608 1159 erit
1664 1089 2089 1182 quadratum
2144 1110 2233 1158 ex
2305 1086 2760 1182 contingente
2815 1089 2942 1162 ΡΟ
3000 1092 3090 1162 ad

482 1203 822 1294 quadrata
871 1224 961 1272 ex
1012 1200 1158 1285 PC,
1187 1199 1342 1271 CM
1392 1197 1617 1294 fimul,
1680 1219 1761 1274 ut
1814 1201 2238 1297 quadratum
2322 1223 2411 1276 ex
2460 1201 2593 1275 CA
2653 1202 2745 1275 ad
2794 1203 3089 1301 quadra·

482 1331 637 1387 turn
668 1337 758 1387 ex
788 1313 962 1389 CM.
1063 1313 1163 1412 Q
1203 1311 1283 1389 E.
1336 1312 1426 1388 D.

1392 1589 1457 1669 P
1493 1589 1569 1668 R
1610 1588 1686 1668 O
1725 1589 1812 1668 P.
1902 1585 2158 1667 XLII.

462 1719 562 1834 -Si
628 1722 798 1804 duae
856 1742 1099 1821 rectae,
1143 1723 1278 1805 fibi
1338 1722 1667 1804 invicem
1728 1724 1870 1825 fint
1923 1720 2295 1834 parallelae
2352 1724 2432 1803 δε
2498 1724 2740 1807 ambae
2778 1728 3079 1811 contin-

589 1868 776 1961 gant
812 1869 944 1929 aut
994 1850 1268 1942 secent,
1329 1848 1451 1926 vel
1501 1838 1958 1928 earum'una
1992 1848 2408 1955 contingat,
2466 1849 2545 1928 ὅτ.
2591 1848 2819 1932 altera
2856 1854 3076 1951 secet,

468 2058 481 2063 ,
587 1971 1128 2081 Hyperbolam
1163 1971 1283 2053 vel
1311 1970 1796 2082 Hyperbolas
1833 1971 2230 2081 oppositas,
2293 1976 2372 2052 δι’.
2408 1996 2807 2056 occurrant
2847 1999 3076 2065 recta:

587 2099 1013 2211 asymptoto
1063 2098 1431 2210 parallelae
1458 2138 1483 2194 3
1557 2099 1917 2207 quadrata
1964 2127 2061 2178 ex
2117 2127 2380 2180 earum
2444 2099 2845 2209 segmentis
2881 2106 3077 2188 inter

586 2244 874 2306 rectam
911 2225 1332 2334 asymptoto
1371 2223 1804 2335 parallelam
1845 2224 1924 2301 δι
1967 2242 2384 2318 contactus,
2460 2223 2579 2304 vel
2643 2230 3078 2340 rectangula

580 2350 722 2430 sub
783 2375 1046 2429 earum
1095 2349 1499 2461 segmentis
1560 2352 1756 2428 inter
1796 2345 1997 2427 hanc
2038 2367 2349 2444 rectam,
2417 2350 2496 2429 ὅτ,
2537 2351 3073 2462 Hyperbolam

578 2477 703 2558 vel
758 2477 1269 2590 Hyperbolas‚
1341 2493 1567 2560 erunt
1602 2476 1797 2557 inter
1850 2476 1951 2572 se,
2029 2494 2115 2556 ut
2151 2475 2545 2585 segmenta
2582 2478 2789 2561 istius
2853 2503 3073 2566 rectae

580 2603 1005 2715 asymptoto
1077 2601 1448 2714 parellelae
1512 2602 1925 2711 intercepta
1993 2600 2188 2680 inter
2263 2600 2452 2708 ipsas
2514 2603 2926 2712 parallelas,
2993 2613 3072 2690 δι’.

580 2751 960 2843 punctum
1016 2731 1097 2812 in
1154 2761 1310 2841 quo
1361 2731 1497 2812 ista
1534 2749 1735 2812 recta
1770 2727 2103 2812 occurrit
2137 2726 2271 2809 uni
2308 2755 2404 2807 ex
2441 2731 2933 2841 Hyperbolis.

459 2943 877 3137 NAM
938 2952 1094 3040 (per
1121 2943 1284 3019 Cor.
1339 2962 1397 3014 1.
1440 2945 1515 3015 ὅτ
1569 2966 1632 3035 3.
1670 2936 1839 3013 Def.
1882 2963 1921 3016 2
1933 2943 2258 3044 5.)vrecta
2303 2938 2693 3035 asymptoto
2726 2939 3072 3071 ⁴ffltgassela

726 3060 827 3132 est
880 3056 1208 3151 parallela
1262 3054 1459 3136 lateri
1516 3053 2034 3145 superficierum
2063 3054 2471 3126 conicarum
2524 3054 2594 3125 in
2629 3078 2804 3149 qum
2834 3054 3069 3150 pofitae

456 3168 616 3239 sunt
664 3163 1124 3263 Hyperbolae‚
1181 3164 1255 3233 δι
1289 3159 1414 3230 uni
1464 3182 1555 3230 ex
1592 3158 2020 3253 Hyperbolis
2054 3162 2124 3232 in
2170 3162 2381 3233 unico
2431 3182 2695 3260 puncto
2723 3169 3065 3254 occurrit;

454 3305 623 3379 ergo
643 3278 911 3356 constat
930 3277 1083 3352 haec
1109 3271 1490 3372 Propofitio
1524 3297 1646 3374 per
1676 3273 1879 3374 Prop.
1929 3297 2037 3375 19.
2079 3279 2152 3350 ὅτ
2185 3278 2342 3352 Cor.
2395 3300 2451 3353 1.
2502 3278 2591 3349 ad
2631 3276 2789 3358 Def.
2830 3282 3006 3356 Sect.

562 3481 745 3555 Con.
788 3477 845 3551 Ι.
904 3474 1103 3550 Hinc
1129 3471 1183 3549 fi
1211 3472 1556 3547 diameter
1585 3473 1955 3547 transversa
1981 3470 2109 3546 LV
2129 3470 2589 3569 Hyperbolae‚
2642 3496 2962 3553 occurrat
2990 3482 3059 3555 in
3127 3490 3262 3553 Fm.
3292 3419 3386 3577 μζ».

454 3593 525 3666 Ο
553 3587 758 3668 rectae
791 3588 941 3665 KH
968 3592 1359 3689 asymptoto
1406 3586 1535 3660 CY
1587 3587 1932 3686 patallelae
1978 3588 2366 3661 occurrenti
2419 3586 2614 3661 alteri
2668 3590 3057 3692 asymptoto

453 3707 581 3780 CZ
626 3704 697 3778 in
724 3708 808 3794 P,
874 3700 951 3776 &
983 3697 1411 3800 Hyperbolae
1441 3699 1512 3772 in
1543 3699 1603 3772 E
1629 3738 1649 3789 ;
1713 3700 1844 3773 erit
1874 3700 2366 3796 reetangulum
2413 3701 2610 3774 VOL
2640 3723 3058 3781 contentum

294 3867 303 3872 -
446 3811 826 3920 segmentis
871 3815 1193 3892 diametri
1247 3816 1431 3889 inter
1474 3817 1768 3888 vertices
1816 3813 1963 3912 ejus
2000 3819 2074 3888 &
2111 3834 2374 3889 rectam
2407 3814 2582 3903 KH,
2641 3819 2727 3889 ad
2758 3822 3055 3913 quadra-

450 3955 612 4012 tum
658 3960 747 4008 ex
773 3933 1281 4008 semidiametro
1309 3929 1463 4021 CV,
1514 3947 1596 4001 ut
1626 3930 1755 4002 OE
1788 3931 2230 4026 segmentum
2277 3947 2484 4001 rectae
2516 3927 2669 4000 KH
2701 3932 2879 4006 inter
2910 3936 3056 4008 dia-

447 4071 760 4127 metrum
809 4046 887 4120 &
931 4045 1445 4147 Hyperbolam,
1493 4046 1583 4116 ad
1628 4043 2070 4139 segmentum
2105 4043 2221 4119 ΕΡ
2257 4043 2561 4140 ejusdem
2610 4064 2811 4121 rectae
2869 4050 3048 4122 inter

448 4159 938 4262 Hyperbolam
995 4154 1073 4230 &
1121 4157 1559 4254 asymptoton
1592 4155 1762 4242 CZ;
1825 4157 2122 4229 ducatur
2167 4156 2360 4229 enim
2416 4179 2540 4253 per
2589 4175 2939 4257 punctum
2984 4162 3043 4231 P

451 4296 639 4352 reeta
665 4271 990 4373 parallela
1012 4271 1359 4347 diametro
1385 4268 1537 4365 LV,
1559 4290 1933 4344 occurrens
1953 4265 2197 4368 Hypet
2211 4267 2386 4344 bolis
2417 4273 2486 4344 in
2516 4270 2608 4363 R,
2642 4272 2688 4342 S
2719 4269 3036 4367 punctis:

1689 4387 1768 4460 H
2882 4403 3037 4459 tum
