4196 5352
1113 466 1186 586 9
1205 427 1279 543 6
1536 424 2129 547 Servianum
2180 382 2818 547 Conicarhm
2887 423 3145 543 Lib.
3215 426 3271 541 1
3284 420 3451 543 1.·

1200 625 1390 703 Con.
1423 629 1542 707 111.
1608 632 1690 703 In
1721 631 1956 726 Enipfi
1985 629 2062 704 δι
2100 631 2514 729 Hyperbola
2534 632 2851 705 semiaxis
2884 626 3024 702 CA
3048 626 3148 702 est
3179 628 3420 703 media
3439 630 3728 728 propor-¹

1102 737 1377 813 tionalis
1407 742 1586 815 inter
1607 746 1766 835 CD,
1815 743 2217 817 distantiam
2263 744 2643 817 directricis
2672 769 2715 816 a
2743 760 3011 833 centr0,
3072 758 3146 814 et
3174 743 3298 815 CF
3325 741 3727 815 distantiam

1106 848 1245 926 foci
1284 878 1325 925 a
1352 874 1618 947 centro,
1679 874 1762 929 ut
1809 860 2001 954 §vitet
2043 881 2136 929 ex
2176 861 2269 949 48
2309 861 2384 931 ὅτ
2420 882 2538 955 49.
2602 858 2721 932 lib.
2777 880 2837 931 1.
2903 860 3097 951 patet
3121 857 3341 930 etiam
3380 857 3558 931 duas
3595 853 3730 930 effe

1107 963 1501 1039 directrices
1529 969 1600 1040 in
1632 965 1868 1065 Ellipfi
1903 972 1979 1043 δε
2011 967 2452 1065 Hyperbola,
2506 992 2549 1039 a
2582 987 2827 1044 centro
2856 965 3214 1063 aequaliter
3254 967 3608 1047 distantes.

2103 1178 2529 1259 PROP.
2640 1175 2779 1258 XI.

737 1361 856 1425 1⁷0
821 1380 882 1421 0.
949 1381 1011 1440 9·
1122 1334 1197 1414 Si
1262 1363 1306 1413 a
1365 1334 1630 1445 quovis
1693 1353 1981 1446 puncto
2018 1331 2141 1413 Ρ
2120 1360 2197 1411 ιη
2238 1332 2563 1413 sectione
2599 1332 2863 1413 conica
2901 1336 3121 1415 RAP
3157 1332 3476 1416 ducatur
3517 1350 3717 1416 recta

900 1456 1016 1508 ¹⁰·
1227 1460 1360 1540 PE
1423 1457 2059 1570 perpendicularis
2111 1456 2206 1537 ad
2262 1456 2736 1538 directricem
2801 1461 2981 1557 DE,
3046 1462 3137 1539 ἃ
3191 1478 3395 1541 recta
3439 1460 3568 1539 PF
3623 1458 3722 1539 ad

921 1537 1005 1578 Η.
1225 1588 1492 1668 focum
1542 1586 1724 1667 huic
1783 1585 2153 1666 directrici
2191 1587 2685 1698 propiorem;
2758 1606 2959 1668 recta
3030 1587 3160 1669 PF
3198 1590 3427 1669 ducta
3463 1588 3559 1667 ad
3594 1585 3720 1669 fo-

1222 1744 1406 1796 cum
1446 1713 1588 1794 erit
1623 1714 1718 1793 ad
1755 1710 2461 1823 perpendicularem
2502 1716 2663 1808 PE,
2741 1732 2827 1793 ut
2861 1715 3007 1794 FA
3042 1714 3390 1796 distantia
3448 1713 3605 1795 foci
3648 1715 3718 1794 F

1221 1874 1264 1926 a
1319 1844 1596 1926 vertice
1645 1843 1998 1954 propiore
2035 1839 2222 1939 axis,
2286 1842 2383 1923 ad
2421 1843 2582 1925 DA
2620 1843 3050 1925 distantiam
3113 1841 3525 1926 directricis
3561 1845 3718 1926 DE

1195 1973 1314 2052 .ab
1349 1971 1624 2053 eodem
1659 1971 1963 2052 vertice.

1289 2164 1812 2243 ‘UCANTUR
1871 2165 2067 2239 enim
2103 2186 2228 2262 per
2266 2182 2616 2261 punctum
2668 2166 2724 2238 P
2778 2183 2966 2239 recta
3000 2164 3154 2265 PQ
3198 2166 3290 2240 ad
3341 2190 3550 2240 axem
3600 2163 3731 2241 AB

1351 2277 1470 2375 ipsi
1507 2277 2124 2373 perpendicularis»,
2179 2282 2257 2351 ὅτ
2316 2302 2689 2351 occurrens
2719 2281 3156 2374 contingenti
3198 2279 3406 2355 focali
3441 2280 3600 2355 DT
3655 2280 3730 2354 in
3870 2320 3879 2327 ·

1097 2392 1196 2479 L,
1265 2388 1396 2460 erit
1451 2386 1602 2484 ΩΙ)
1661 2387 2103 2481 segmentum
2164 2381 2316 2456 axis
2376 2381 2556 2454 inter
2629 2401 2899 2456 rectam
2947 2385 3109 2481 PQ
3156 2394 3230 2459 fit
3291 2391 3731 2463 directricem

1117 2498 1387 2593 aequale
1444 2496 1565 2593 ipfi
1616 2494 1756 2585 PE,
1812 2511 1886 2567 et
1924 2495 2056 2568 erit
2105 2491 2255 2590 LQ
2305 2492 2593 2587 aequalis
2645 2491 2771 2591 ipfi
2801 2494 2920 2567 PF
2947 2504 3105 2590 (per
3153 2495 3357 2593 Prop.
3398 2501 3726 2593 praeced.)

1111 2614 1412 2688 dueatur
1456 2633 1498 2683 a
1549 2607 1810 2684 vertice
1866 2606 2018 2682 axis
2046 2606 2117 2681 A
2160 2604 2576 2703 contingens
2638 2629 3014 2681 occurrens
3076 2602 3199 2702 ipfi
3256 2606 3410 2684 DT
3471 2611 3542 2684 in
3600 2611 3731 2701 Η,

1087 2730 1446 2827 quoniam
1480 2725 1689 2823 igitur
1732 2721 2073 2822 parallelae
2113 2721 2271 2796 sunt
2300 2718 2469 2813 AH,
2501 2719 2668 2821 ΕΩ.
2720 2723 2852 2796 erit
2897 2721 3173 2813 LQad
3224 2719 3402 2821 ΩΙ),
3460 2744 3543 2799 ut
3572 2724 3731 2802 HA.

1103 2847 1194 2920 ad
1259 2845 1423 2933 AD,
1477 2841 1612 2914 hoc
1661 2838 1783 2930 est,
1841 2855 1925 2910 ut
1970 2835 2101 2910 FA
2143 2836 2233 2908 ad
2285 2834 2427 2908 AD
2492 2836 2594 2935 (9.
2650 2832 2825 2931 huj.)
2912 2857 3081 2931 ergo
3125 2836 3224 2908 est
3269 2834 3385 2911 PF
3449 2839 3537 2911 ad
3604 2839 3726 2915 PE

1089 2979 1190 3036 ,ιιι
1225 2957 1356 3034 FA
1405 2956 1494 3029 ad
1538 2954 1705 3030 AD.
1807 2950 2009 3053 QE.
2039 2950 2133 3026 D.

1204 3142 1395 3214 Con.
1429 3140 1481 3215 Ῑ.
1549 3136 1767 3229 Hinc,
1805 3135 1877 3211 in
1909 3131 2145 3231 Ellipfi
2177 3146 2250 3205 et
2278 3129 2715 3230 Hyperbola,
2745 3147 2937 3206 recta
2969 3128 3087 3206 PF
3116 3132 3332 3204 ducta
3361 3131 3452 3205 ad
3484 3129 3727 3209 focum

1081 3254 1204 3331 -est
1247 3254 1337 3329 ad
1369 3253 1486 3331 PE
1516 3249 2163 3349 perpendicularem
2198 3244 2288 3317 ad
2332 3244 2801 3334 directricem,
2845 3261 2929 3315 ut
2969 3240 3097 3315 CF
3138 3242 3462 3317 distantia
3505 3243 3642 3320 foci
3682 3272 3725 3319 a

1103 3389 1349 3449 centro
1390 3369 1473 3443 ad
1530 3367 1663 3443 CA
1707 3365 2088 3439 semiaxem
2137 3358 2612 3433 transversum.
2717 3358 2914 3432 Nam
2958 3378 3088 3453 per
3131 3359 3293 3432 Cor.
3340 3380 3540 3456 praec.
3601 3359 3725 3436 CF

1104 3489 1205 3562 est
1260 3481 1349 3559 ad
1400 3481 1558 3570 CA,
1619 3498 1700 3553 ut
1743 3478 1883 3552 CA
1927 3477 2018 3550 ad
2055 3472 2223 3563 CD,
2287 3494 2454 3568 ergo
2500 3470 2980 3546 convertendo
3025 3470 3125 3543 est
3154 3469 3283 3543 CF
3315 3474 3408 3546 ad
3438 3473 3588 3566 FA,
3641 3493 3726 3552 ut

1085 3602 1234 3675 CA
1271 3600 1361 3672 ad
1413 3595 1584 3685 AD,
1631 3611 1792 3665 tum
1823 3585 2233 3662 alternando
2282 3585 2379 3658 est
2419 3581 2545 3658 CF
2595 3582 2687 3655 ad
2736 3579 2898 3672 CA,
2949 3599 3030 3654 ut
3074 3579 3318 3656 FAad
3362 3585 3530 3673 AD,
3584 3587 3720 3660 hoc

1104 3715 1231 3804 est,
1275 3730 1358 3786 ut
1384 3705 1510 3784 PF
1541 3704 1631 3778 ad
1672 3701 1814 3791 PE,
1864 3721 1990 3796 per
2021 3692 2620 3797 Propositionem5
2666 3716 2837 3795 ergo
2877 3693 2996 3772 PF
3028 3695 3130 3770 est
3172 3695 3263 3771 ad
3299 3695 3443 3794 PE,
3485 3719 3567 3776 ut
3595 3698 3726 3775 CF

1079 3823 1412 4000 adegi.
1450 3916 1537 3993 11.
1617 3914 1729 3990 Ex
1774 3904 2368 3990 demonstratione
2468 3905 2862 3986 raecedente
2909 3905 3009 3982 est
3044 3869 3169 3984 CF
3216 3908 3537 3987 distantia
3576 3891 3800 3984 foci

1095 4064 1142 4114 a
1200 4052 1445 4112 centro
1493 4028 1586 4102 ad
1646 4023 1785 4102 CA
1813 4021 2219 4115 semiaxem,
2284 4039 2365 4096 ut
2458 4017 2912 4095 Adistantia
2962 4016 3097 4097 foci
3160 4048 3204 4101 a
3253 4024 3514 4102 vertice
3560 4044 3722 4121 pro-

1097 4152 1294 4251 piore
1326 4145 1421 4223 ad
1457 4141 1606 4222 DA
1644 4138 2046 4264 distantiam
2078 4133 2460 4216 directrieis
2458 4019 2590 4212 {b
2621 4133 2878 4213 eodem
2910 4133 3195 4239 yertiee.

3520 4328 3728 4410 Con}
