4196 5352
898 443 1175 560 De
1217 436 1614 607 Ellipst
1684 433 1851 578 ΕΘ
1906 442 2584 611 Ιῇφενέοία
2855 483 3013 601 14
3022 486 3088 600 3

497 648 789 745 reliqua,
846 642 1001 721 seiz.
1079 652 1183 739 (5
1241 647 1340 737 2.)
1393 640 1886 755 restangulum
1940 640 2147 717 AHB
2196 648 2272 721 δι
2323 646 2750 742 quadratum
2802 667 2894 720 ex
2950 647 3098 738 CE,

487 764 800 861 aequalia.
902 761 1098 865 QE.
1122 761 1214 837 D.
1466 803 1475 805 ἡ

588 943 780 1015 Con.
862 937 1334 1013 Manifestum
1400 937 1524 1029 est,
1582 939 1922 1034 quadrata
1972 965 2061 1013 ex
2118 941 2491 1037 segmentis
2553 939 2875 1013 diametri
2939 937 3091 1029 AB,

492 1057 582 1133 ad
636 1079 856 1149 quam
912 1053 1244 1125 ordinatae
1294 1051 1676 1143 ducuntur,
1732 1053 1914 1125 inter
1980 1055 2339 1127 ordinatas
2395 1053 2553 1127 seiz.
2613 1059 2689 1127 ὅτ
2737 1071 3087 1141 centrum,

488 1169 618 1243 effe
648 1167 852 1241 simul
900 1165 1200 1261 aequalia
1226 1167 1572 1261 quadrato
1614 1191 1704 1239 ex
1742 1165 2256 1241 semidiametro
2292 1165 2455 1239 CB:
2527 1189 2693 1239 nam
2723 1191 2887 1239 cum
2920 1189 3083 1259 qua-

486 1283 760 1359 dratam
804 1307 894 1355 ex
938 1277 1082 1353 CH
1130 1279 1214 1353 fit
1258 1281 1532 1375 aequale
1590 1282 1998 1377 rectangulo
2050 1279 2264 1373 ΑΕΒ,
2337 1283 2467 1355 erit
2523 1283 2945 1375 quadratum
2997 1305 3083 1353 ex

484 1399 624 1474 CH
654 1399 858 1475 simul
888 1425 1056 1475 curn
1088 1399 1428 1495 quadrato
1472 1423 1560 1471 ex
1602 1395 1734 1473 CE
1766 1400 2030 1495 aequale
2060 1399 2403 1497 quadrato
2431 1425 2519 1473 ex
2549 1399 2691 1493 CB,
2743 1425 2863 1497 per
2907 1425 2971 1493 5.
3023 1425 3083 1473 2.

1454 1675 1516 1753 P
1554 1675 1632 1755 R
1672 1673 1746 1753 Ο
1788 1671 1874 1751 P.
1990 1671 2136 1749 111.

484 1845 806 1925 Summa
832 1841 1376 1951 quadratorum
1402 1869 1500 1919 ex
1532 1843 1822 1922 duabus
1848 1837 2228 1949 quibusvis
2254 1831 2635 1915 diametris
2663 1831 3075 1941 conjugatis

592 1967 988 2081 Ellipse0s‚
1048 1967 1352 2075 aequalis
1384 1967 1492 2047 est
1520 1967 1838 2051 summae
1868 1963 2415 2077 quadratorum
2451 1989 2547 2041 ex
2571 1959 2863 2039 axibus,

480 2171 824 2321 SINT
856 2173 1048 2245 enim
1082 2169 1224 2261 CB,
1260 2171 1414 2245 CM
1460 2171 1794 2245 serniaxes
1842 2169 2174 2269 Ellipseos
2224 2173 2297 2243 ὅτ
2329 2163 2481 2257 CF,
2531 2161 2661 2239 CG
2695 2163 2849 2235 duae
2891 2159 3083 2233 semi·
3141 2175 3285 2241 Fici
3317 2199 3367 2261 3.
3435 2229 3449 2235 -

626 2287 952 2361 diametri
988 2285 1398 2381 conjugatae‚
1449 2285 1722 2382 fintque
1752 2285 1896 2375 EF,
1934 2283 2080 2357 GH
2120 2279 2726 2383 perpendiculares
2759 2275 2877 2373 ipsi
2915 2273 3083 2363 (ΣΒ,

478 2397 600 2472 FL
620 2425 788 2475 vero
816 2407 890 2477 ὅτ
924 2403 1070 2475 GN
1090 2403 1698 2497 perpendiculares
1728 2399 1850 2495 ipfi
1870 2399 2042 2475 CM.

572 2513 940 2612 Quoniam
1000 2533 1124 2607 per
1210 2513 1370 2587 Cor.
1456 2511 1762 2607 praeced.
1832 2511 2258 2607 quadratum
2292 2531 2294 2535 ·
2327 2533 2415 2583 ex
2479 2511 2597 2583 CB
2657 2507 2927 2605 aequale
2987 2501 3083 2575 est

468 2629 828 2721 quadratis
876 2625 1026 2715 CE,
1052 2621 1196 2695 CH
1256 2621 1482 2711 simul,
1534 2629 1606 2697 δε
1640 2627 2068 2717 quadratum
2098 2647 2188 2695 ex
2230 2621 2385 2693 CM
2433 2623 2699 2715 aequale
2729 2621 3081 2715 quadratis

466 2765 556 2813 ex
590 2743 738 2831 CL,
768 2741 928 2829 CN,
960 2741 1094 2813 hoc
1124 2737 1246 2827 est,
1300 2763 1386 2807 ex
1408 2735 1566 2831 ipsis
1592 2737 1734 2825 FE,
1766 2735 1960 2819 (ΞΗ,
2010 2747 2218 2803 erunt
2264 2733 2603 2823 quadrata
2631 2757 2717 2803 ex
2751 2733 2897 2820 CB,
2931 2733 3085 2801 CM

466 2855 692 2949 simul,
740 2855 1032 2951 aequalia
1088 2873 1386 2949 quatuor
1436 2851 1794 2943 quadratis
1854 2873 1942 2921 ex
1998 2845 2148 2937 ΟΕ,
2194 2845 2357 2935 CH,
2413 2845 2473 2917 F
2473 2845 2557 2939 E,
2605 2847 2781 2939 GH,
2829 2847 3082 2941 quibus

467 2975 684 3045 etiarn
736 2973 1078 3064 quadrata
1130 2991 1220 3035 ex
1276 2963 1422 3050 CF,
1460 2963 1592 3033 CG
1647 2963 1803 3031 sunt
1838 2957 2136 3055 aequalia
2196 2967 2343 3053 (47.
2391 2965 2487 3055 1.)
2527 2985 2695 3059 ergo
2743 2963 3083 3057 quadrata

468 3114 558 3162 ex
620 3088 766 3174 CF,
836 3084 971 3154 CG
1028 3082 1186 3152 sunt
1238 3078 1530 3170 aequalia
1592 3078 1948 3172 quadratis
2008 3097 2102 3148 ex
2160 3074 2309 3168 CB,
2371 3078 2527 3148 CM
2575 3080 2801 3174 simul,
2869 3086 3081 3180 igitur

476 3198 818 3296 quadrata
878 3218 968 3270 ex
1038 3190 1194 3290 ipfis
1262 3190 1622 3264 diametris
1680 3190 1838 3266 sunt
1896 3186 2188 3286 aequalia
2247 3192 2607 3286 quadratis
2687 3218 2777 3266 ex
2835 3198 3083 3268 axibus

2755 3310 2843 3408 ρ.
2881 3310 2957 3384 E.
2989 3312 3081 3384 D.

2723 3930 3076 4008 PROP.
