4196 5352
1102 440 1153 515 1
1181 438 1246 551 3
1266 437 1337 513 o
1486 389 2076 512 Sestionum
2131 385 2763 506 Conicarum
2834 385 3092 504 Lib.
3164 387 3282 502 II
3294 388 3387 503 Ι.

1176 619 1377 694 Con.
1428 619 1512 693 11.
1606 615 1674 690 Si
1725 633 1912 689 recta
1965 615 2095 688 OE
2138 615 2499 717 contingat
2528 613 2943 688 Parabolam
2991 609 3068 686 ὃ(
3118 638 3161 685 a
3209 628 3476 709 puncto
3505 611 3576 686 in
3612 636 3695 687 ea

1071 731 1147 807 O
1208 734 1506 804 ducatur
1556 748 1743 802 recta
1775 730 2010 801 secans
2040 728 2457 803 Parabolam
2488 726 2559 797 in
2592 724 2674 819 B,
2709 726 2785 798 H
2835 727 3138 821 punctis»,
3195 732 3273 801 ὅτ
3320 751 3693 801 occurrens
3812 808 3819 817 ,

1072 850 1141 920 in
1179 850 1251 918 D
1278 850 1622 921 diametro
1667 845 1892 918 duetae
1933 869 2061 944 per
2105 863 2511 918 contactum
2546 842 2653 930 E,
2712 843 3141 937 quadratum
3187 866 3280 915 ex
3327 841 3689 939 segmento

1074 960 1218 1035 OD
1252 962 1430 1035 inter
1459 963 1987 1057 contingentem
2022 966 2100 1034 ὅτ
2133 960 2560 1031 diametrum
2588 958 2719 1030 erit
2748 957 3012 1052 aequale
3041 957 3455 1053 rectangulo
3484 953 3690 1028 BOH
3845 1052 3851 1059 υ

1070 1094 1402 1147 contento
1432 1075 1804 1170 segmentis
1828 1074 2115 1145 secantis
2146 1073 2324 1144 inter
2354 1073 2884 1169 contingentem
2911 1077 2986 1146 ὅτ
3005 1069 3439 1145 Parabolam.
3493 1068 3690 1143 Nam

1068 1208 1192 1281 per
1242 1186 1421 1259 hanc
1461 1183 2009 1281 Prop‘ositionem
2063 1188 2489 1280 quadratum
2527 1210 2616 1255 ex
2662 1183 2813 1257 OD
2852 1183 2951 1256 est
2996 1185 3084 1255 ad
3134 1184 3561 1278 quadratum
3596 1207 3689 1256 ex

1072 1299 1232 1389 OE,
1272 1320 1351 1373 ut
1398 1300 1891 1398 rectangulurn
1952 1300 2158 1371 BOH
2209 1311 2363 1395 (per
2396 1301 2554 1375 Cor.
2595 1323 2657 1394 3.
2700 1323 2764 1395 3.
2831 1297 3088 1396 lib.·2.)
3139 1299 3231 1371 ad
3264 1299 3689 1393 quadratum

1071 1437 1165 1486 ex
1191 1415 1441 1487 eadem
1476 1414 1622 1487 OE.

1189 1530 1385 1601 Con.
1507 1529 1624 1602 III.
1744 1530 2145 1600 Parameter
2220 1525 2508 1620 alicujus
2586 1526 2910 1600 diametri
2984 1523 3340 1602 Parabolae
3419 1524 3519 1598 est
3596 1524 3687 1596 ad

1070 1662 1547 1737 parametrum
1609 1644 1779 1733 axis,
1837 1661 1917 1715 ut
1978 1643 2405 1735 quadratum
2450 1642 2623 1712 radii
2683 1643 2772 1713 ad
2826 1643 3250 1736 quadratum
3306 1637 3495 1711 smus
3564 1661 3687 1710 an-

1066 1756 1212 1851 guli
1275 1780 1493 1850 quem
1554 1757 1675 1829 ista
1728 1757 2070 1829 diameter
2140 1778 2309 1826 cum
2376 1753 2508 1829 suis
2561 1754 2898 1830 ordinatis
2956 1737 3517 1848 comprehendit,
3603 1769 3685 1826 ut

1067 1888 1263 1964 patet
1322 1894 1413 1942 ex
1473 1871 1605 1942 hac
1686 1868 2186 1966 Propositione‚
2264 1873 2341 1942 ὅτ
2410 1892 2500 1941 ex
2556 1894 2642 1941 eo
2711 1870 2905 1964 quod
2982 1869 3321 1965 quadrata
3382 1866 3687 1939 laterum

1067 1983 1395 2077 trianguli
1460 1984 1616 2055 sunt
1667 2000 1748 2056 ut
1798 1983 2140 2079 quadrata
2189 1978 2469 2054 finuum
2528 1983 2953 2079 angulorum
3014 1976 3505 2077 opposltorum.
3591 1980 3686 2053 Et

1068 2092 1370 2188 proinde
1408 2096 1782 2190 parametri
1822 2094 2333 2168 diametrorum
2372 2090 2658 2188 alicujus
2687 2094 3038 2166 Parabolae
3068 2095 3222 2165 sunt
3264 2094 3445 2165 inter
3479 2091 3546 2164 se
3577 2116 3684 2165 re·

1063 2207 1364 2302 ciproce,
1424 2225 1504 2279 ut
1534 2202 1875 2302 quadrata
1921 2206 2202 2281 finuum
2232 2207 2655 2303 angulorum
2715 2232 2892 2302 quos
2951 2208 3107 2303 ipsae
3137 2206 3460 2281 diametri
3512 2230 3686 2281 cum

1071 2317 1205 2389 suis
1249 2319 1589 2391 ordinatis
1631 2322 2285 2418 comprehendunt;
2356 2321 2653 2413 ideoque
2694 2340 3087 2418 parameter
3131 2324 3556 2421 principaliS,
3609 2324 3684 2399 id

1069 2429 1169 2502 est
1198 2446 1590 2525 parameter
1625 2433 1797 2524 axis,
1852 2434 1955 2505 est
1983 2434 2214 2505 minor
2245 2434 2503 2527 quavis
2555 2432 2692 2503 31ὶᾶ
2744 2453 3160 2526 parametro.

2057 2697 2477 2778 PROP.
2592 2696 2733 2774 IV.

1065 2861 1151 2940 'Si
1175 2859 1390 2942 ··linea
1414 2861 1746 2969 jungens
1783 2863 2150 2943 terminos
2187 2864 2518 2944 duarum
2552 2859 3070 2942 ordinatarum
3106 2877 3453 2940 occurrat
3507 2862 3672 2944 dia-

1185 3007 1434 3069 metro
1499 2989 1639 3070 cui
1713 2989 2249 3101 applicantur-3
2343 3019 2510 3100 pars
2593 2986 2944 3068 diametri
3036 2983 3230 3064 inter
3301 2989 3668 3075 verticem

1181 3117 1338 3223 ejus
1406 3119 1490 3196 δε
1548 3133 1834 3197 rectam
1884 3118 2369 3226 jungentem,
2439 3118 2584 3199 erit
2643 3112 2897 3195 media
2934 3113 3510 3225 proportionalis
3546 3119 3669 3201 in-

1185 3258 1297 3321 ter
1347 3240 1709 3323 abscissas·

1213 3427 1432 3501 INT
1488 3447 1691 3503 rectae
1735 3428 1878 3519 ΕΒ,
1912 3427 2063 3502 GD
2112 3429 2491 3503 ordinatim
2540 3430 2900 3525 applicatae
2952 3427 3297 3504 diametro
3324 3430 3674 3507 Parabolae

1250 3540 1418 3632 AD,
1469 3546 1543 3616 ὅτ
1595 3543 1891 3640 ducatur
1936 3540 2448 3638 rectajungens
2478 3541 2823 3637 punctaE
2867 3539 2944 3612 &
2988 3540 3057 3613 G
3103 3565 3474 3618 occurrens
3522 3547 3669 3618 dia-

1066 3673 1293 3727 metro
1335 3653 1476 3728 AD
1528 3656 1600 3727 in
1635 3658 1732 3740 C,
1788 3654 1919 3725 erit
1949 3655 2077 3725 CA
2103 3657 2339 3728 media
2372 3655 2901 3757 proportionalis
2956 3656 3134 3727 inter
3185 3656 3490 3734 absciss'as
3522 3658 3672 3754 AB,

1163 3883 1533 3956 Ducantur
1569 3881 1762 3953 enim
1815 3902 1938 3975 per
1989 3899 2250 3976 puncta
2286 3882 2346 3954 E
2390 3900 2462 3954 et
2510 3883 2581 3954 G
2625 3884 2781 3957 duae
2821 3880 3308 3977 contingentes
3349 3910 3507 3981 quae
3549 3911 3665 3962 00·

1064 4015 1350 4070 currant
1376 3997 1721 4069 diametro
1757 3992 1898 4067 AD
1928 3994 2000 4064 in
2030 3992 2109 4064 H
2139 4012 2210 4068 et
2241 3992 2325 4086 F,
2377 4014 2584 4069 erunt
2616 3995 2787 4088 AH,
2814 3987 2939 4068 AB
2971 3998 3301 4093 aequales,
3341 4017 3420 4074 ut
3448 4001 3666 4073 etiam

1067 4109 1219 4203 AF,
1249 4113 1410 4224 AD,
1468 4120 1621 4207 (47.
1676 4111 1796 4187 lib.
1851 4113 1949 4198 1.)
2006 4109 2123 4183 sed
2154 4109 2417 4184 constat
2454 4121 2575 4207 (ex
2598 4114 2799 4209 Prop.
2832 4134 2947 4208 54.
3002 4114 3121 4190 lib.
3165 4119 3258 4205 1.)
3304 4115 3497 4211 quod
3529 4110 3669 4185 AC

3480 4241 3663 4301 mter
