4196 5352
1119 466 1126 471 ’
1275 472 1524 611 'De
1605 491 2936 617 Parabola.1
2966 541 3029 652 3
3044 542 3120 657 9

507 692 642 770 erit
687 691 1126 794 triangulum
1157 689 1350 773 BAC
1377 695 1666 791 aequale
1673 696 2335 807 parallelogrammo
2361 687 2674 784 BXTC,
2734 691 2834 775 est
2885 716 3126 773 autern

508 800 952 907 segmentum
981 806 1471 899 Parabolicum
1498 804 1769 922 BOQC
1809 792 2141 923 duplum·
2160 833 2335 913 areae
2362 802 2659 921 BACO,
2699 796 2752 882 ‘fi
2762 806 2975 921 enim
2990 836 3123 921 ,rex-

508 922 790 1005 cederet
829 921 1132 1021 duplum
1161 920 1353 997 istius
1382 946 1582 1014 areae,
1624 924 1876 1023 quovis
1903 914 2124 1023 spatio
2169 923 2245 1017 S,
2294 910 2455 997 tum
2495 944 2622 1019 per
2663 914 2940 1019 partem
2973 916 3117 1023 pri-

510 1061 707 1113 marn
744 1034 1225 1136 praecedentis,
1276 1034 1641 1149 segmento
1665 1035 1929 1131 BOQ:
1963 1036 2240 1114 inscribi
2276 1020 2499 1134 potest
2528 1030 2752 1141 figura
2793 1060 2971 1132 quae
2994 1039 3123 1112 de-

503 1144 694 1225 ficiat
738 1148 827 1224 ab
867 1148 1003 1224 hoc
1044 1142 1404 1249 segmento
1457 1151 1673 1249 spatio
1701 1149 1847 1251 ipso
1898 1147 1948 1225 S
1995 1150 2297 1241 minore,
2351 1168 2556 1246 ergo
2575 1149 2710 1224 erit
2757 1138 2995 1229 haecce
3039 1150 3125 1226 fi-

503 1286 694 1360 gura
727 1261 972 1362 major
1008 1287 1230 1360 quam
1286 1263 1591 1367 duplum
1641 1286 1821 1339 areae
1864 1261 2128 1339 BACO
2168 1277 2417 1355 contra
2443 1262 2706 1367 Cor.1'.
2758 1262 2963 1361 Prop
2992 1284 3036 1336 1
3056 1284 3122 1339 1.

499 1397 668 1470 ergo
715 1366 1158 1472 segmentum
1203 1362 1474 1468 BOQ
1516 1399 1659 1450 non
1706 1362 1987 1450 excedit
2017 1364 2359 1498 duplum
2351 1396 2547 1449 areae
2556 1364 2897 1459 BAco
2957 1375 3115 1449 Nec

498 1511 671 1561 vero
706 1515 748 1562 a
776 1489 995 1586 duplo
1023 1488 1297 1584 hujusce
1344 1512 1516 1562 areae
1556 1488 1886 1576 deficiet,
1937 1483 1991 1560 fi
2037 1487 2234 1563 enim
2264 1510 2423 1560 area
2450 1482 2713 1561 BACO
2741 1474 3121 1563 dimidium

501 1602 842 1702 segmenti
860 1604 1124 1697 BOQC
1150 1606 1544 1698 excederet,
1574 1603 1790 1702 spatio
1815 1603 2065 1701 quovis
2083 1605 2156 1696 S,
2187 1619 2347 1675 tum
2365 1625 2490 1699 per
2513 1620 2790 1699 partem
2821 1624 2886 1680 2.
2910 1603 3118 1700 Prop
3207 1652 3217 1663 ·

494 1739 695 1816 praec.
744 1720 1209 1794 circumscribi
1249 1719 1476 1818 potest
1533 1720 1701 1795 huic
1767 1719 2130 1817 segmento
2182 1715 2434 1814 figura,
2486 1740 2650 1812 quae
2702 1716 2973 1792 auferat
3020 1720 3114 1791 ab

501 1857 662 1905 area
687 1830 951 1906 BACO
982 1833 1282 1927 spatium
1314 1834 1508 1928 quod
1546 1831 1628 1905 fit
1656 1831 1895 1906 minus
1920 1830 2138 1928 spatio
2171 1829 2218 1902 S
2246 1866 2268 1919 3
2322 1851 2491 1925 ergo
2521 1852 2680 1902 area
2707 1848 2905 1905 extra
2933 1832 3121 1905 hanc

498 1942 808 2040 figuram
857 1949 932 2017 ὅτ
981 1947 1163 2019 intra
1207 1945 1643 2043 triangulum
1674 1942 1870 2022 BAC
1918 1944 2288 2020 excederet
2346 1942 2724 2017 dimidium
2775 1944 3114 2043 segmenti

501 2052 768 2147 Boog
815 2071 1059 2128 contra
1090 2055 1259 2128 Cor.
1314 2079 1376 2133 2.
1430 2058 1642 2152 Prop.
1699 2076 1730 2128 1
1749 2079 1817 2132 1.
1871 2078 2040 2129 cum
2096 2052 2309 2150 igitur
2364 2053 2805 2180 segmentum
2851 2055 3116 2149 BOQ

502 2189 637 2239 nec
665 2167 941 2240 excedit
975 2166 1279 2265 duplum
1322 2190 1506 2241 areae
1523 2164 1811 2265 BACO,
1866 2190 2001 2243 nec
2050 2166 2145 2239 ab
2190 2189 2277 2239 eo
2307 2164 2570 2256 deficit,
2630 2166 2762 2239 erit
2811 2166 3117 2264 duplum

505 2277 706 2353 istius
757 2301 931 2351 areae
988 2297 1061 2354 et
1111 2281 1407 2377 proinde
1470 2278 1572 2354 est
1630 2280 1724 2354 ad
1778 2295 2014 2354 totum
2050 2278 2489 2378 triangulum
2518 2278 2743 2371 BAC,
2810 2281 2946 2356 hoc
2992 2280 3120 2373 est,

504 2395 595 2467 ad
622 2392 1363 2529 parallelogrammum
1393 2391 1698 2487 BXTC,
1764 2410 1849 2470 ut
1888 2416 1954 2473 2.
1987 2393 2079 2469 ad
2138 2416 2209 2495 3.
2280 2391 2409 2491 9,
2438 2394 2518 2472 E.
2546 2396 2641 2470 D.

599 2598 797 2679 Con.
837 2620 903 2672 1.
973 2599 1140 2675 Duo
1174 2594 1535 2697 segmenta
1561 2594 1785 2690 LDP‚
1817 2597 2018 2673 AKE
2053 2596 2365 2695 ejusdem
2389 2599 2746 2675 Parabolae
2787 2602 2947 2678 sunt
3000 2604 3105 2678 in·
3169 2619 3314 2687 1³10.
3350 2646 3439 2692 12,

500 2733 610 2791 ter
637 2714 707 2788 se
734 2715 810 2787 in
865 2712 1291 2813 Sesquaeplxkata
1342 2711 1612 2792 ratione
1656 2709 2094 2783 absciss'arurn
2140 2708 2335 2799 DM,
2364 2707 2513 2783 KT
2566 2709 3101 2808 diametrorum,

498 2848 657 2925 quae
703 2842 925 2900 rectas
957 2826 1099 2919 LP,
1129 2825 1261 2899 ΑΕ
1310 2821 1636 2899 bisecant.
1736 2822 2113 2898 Ducantur
2155 2820 2352 2896 enim
2384 2846 2427 2895 a
2457 2822 2736 2919 punctis
2796 2824 2862 2898 L
2906 2822 2983 2898 &
3031 2829 3101 2903 A

498 2936 575 3010 in
611 2939 950 3014 Parabola
1004 2958 1209 3013 rectae
1254 2938 1411 3027 LR,
1438 2938 1588 3011 AH
1654 2933 2263 3033 perpendiculares
2327 2936 2417 3010 ad
2472 2935 2851 3011 diametros
2901 2935 3099 3033 DM,

496 3049 675 3138 KT,
722 3065 932 3123 erunt
968 3049 1083 3119 hae
1111 3046 1517 3119 altitudines
1549 3045 2370 3143 parallelogrammorum
2411 3048 2746 3142 LNDM,
2778 3047 3099 3138 ABKT,

499 3180 671 3253 ergo
699 3154 999 3229 LNDM
1027 3151 1129 3227 est
1185 3153 1277 3226 ad
1324 3152 1598 3228 ABKT
1626 3153 1701 3227 in
1739 3156 2007 3231 ratione
2045 3155 2426 3254 composita
2472 3183 2563 3235 ex
2591 3162 2859 3236 ratione
2892 3162 3101 3258 ipfius

496 3268 664 3342 ΒΜ
709 3267 799 3341 ad
831 3264 978 3340 KT
1002 3268 1079 3340 ὅτ
1108 3261 1242 3338 LR
1275 3264 1365 3338 ad
1399 3264 1572 3356 HA,
1620 3263 1735 3339 sed
1767 3267 2198 3362 quadratum
2238 3293 2330 3344 ex
2356 3271 2492 3345 LR
2517 3270 2617 3344 est
2662 3272 2753 3345 ad
2802 3272 3102 3366 quadra-

497 3398 660 3457 tum
696 3406 786 3456 ex
831 3379 1004 3469 HA,
1050 3395 1132 3452 ut
1162 3377 1328 3450 DM
1380 3378 1470 3451 ad
1512 3376 1659 3453 KT
1693 3379 1850 3476 (per
1881 3377 2047 3458 Cor.
2090 3402 2157 3456 1.
2202 3405 2265 3475 3.
2320 3382 2504 3481 huj.)
2559 3381 2659 3457 est
2709 3383 2921 3481 igitur
2966 3385 3100 3460 LR

500 3495 593 3568 ad
648 3491 799 3568 HA
859 3492 932 3566 in
978 3489 1410 3585 Subduplicata
1468 3489 1733 3565 ratione
1793 3489 2002 3588 ipsius
2051 3493 2218 3566 DM
2279 3495 2369 3569 ad
2432 3494 2607 3588 KT,
2668 3492 2745 3568 &
2806 3497 3103 3594 proinde

496 3604 798 3680 LNDM
815 3608 892 3680 ὅτ
922 3602 1198 3677 ΑΒΚΤ
1230 3600 1388 3678 sunt
1419 3604 1491 3677 in
1520 3603 1946 3702 Sesqmplicata
1974 3606 2245 3681 ratione
2280 3606 2582 3705 ipsarum
2607 3607 2775 3681 DM
2815 3613 2893 3684 δι’,
2925 3609 3101 3701 ΚΤ,

497 3741 669 3817 ergo
696 3733 844 3793 tota
867 3714 1518 3813 parallelogramma
1547 3716 1925 3813 segmentis
1950 3718 2469 3818 circumscripta
2509 3720 2670 3794 sunt
2717 3720 2792 3794 in
2846 3724 3104 3800 eadem

498 3834 812 3909 ratione:
862 3831 978 3905 sed
1022 3831 1381 3927 segmenta
1407 3828 1812 3906 Parabolica
1837 3831 2032 3910 LDP
2075 3837 2154 3908 ὅτ
2184 3835 2383 3907 AKE
2423 3831 2584 3908 sunt
2611 3851 2692 3908 ut
2723 3835 2846 3910 ista
2874 3837 3100 3937 paral-

495 3947 978 4051 lelogramma,
1008 3966 1137 4047 per
1167 3943 1744 4043 Propositionern,
1777 3945 1968 4023 unde
1996 3945 2266 4024 constat
2296 3947 2816 4029 Corrollarium.

1662 4278 1714 4357 S
1745 4297 1791 4361 2
2899 4278 3097 4361 Con}
